4084 6024
822 584 834 630 1
855 580 964 643 861115,
983 583 1077 630 ’1-11.
1616 568 1675 626 XV

220 776 402 840 provocans
417 755 460 818 ad
476 754 659 840 Martianay
674 754 790 820 verba:
813 755 860 817 καὶ
884 757 977 828 ἕζεσεν
1001 756 1092 826 αὐτοῖς
1115 753 1153 826 εἰς
1173 755 1225 826 τὰς
1245 763 1310 826 ναῦς
1329 754 1377 814 καὶ
1399 757 1484 830 μέσον
1506 761 1557 832 τῆς
1579 759 1675 836 χώρας

220 878 307 954 αὐτῆς
331 878 483 957 ἀνεφὺησαν
507 879 575 954 μθες
598 875 856 944 additamentum
879 898 950 940 esse
973 873 1125 940 declarat.
1172 874 1221 940 of.
1238 874 1293 938 Kl.
1310 883 1342 939 et
1365 884 1535 940 comment.
1556 895 1674 939 meum.

155 1001 172 1057 7
327 998 407 1062 Luc.
424 997 467 1062 ad
488 997 591 1064 verba
614 1003 654 1060 ὅτι
676 1001 762 1071 olcus
785 997 849 1084 (S.)
872 997 1041 1084 explicans
1063 997 1169 1062 addit:
1193 1001 1310 1077 γέγονεν
1333 999 1433 1070 αὐτοῖς.

150 1125 199 1180 86
328 1119 409 1184 Luc.
431 1119 560 1207 supplet
584 1119 637 1185 bis
664 1120 846 1186 subiectum
874 1119 899 1182 οἱ
925 1121 1043 1193 Ἀζώτιοι
1067 1118 1153 1204 (post
1179 1120 1349 1200 ἀλλοφύλων
1373 1127 1405 1183 61
1427 1127 1499 1204 post
1521 1117 1674 1204 λέγουσιν).

220 1241 286 1305 Pro
314 1263 394 1306 voce
420 1262 477 1329 app
504 1241 678 1326 legendum
706 1254 756 1308 est
782 1263 867 1322 66666]
896 1273 937 1295 =
965 1244 991 1305 οἱ
1016 1243 1151 1304 Γεθθαῑοι.
1194 1240 1370 1325 Postquam
1393 1249 1516 1306 mutata
1538 1249 1587 1305 est
1609 1262 1675 1304 vox

220 1383 309 1438 ernau
337 1363 371 1426 in
398 1384 442 1448 us,
470 1366 589 1429 omissa
616 1374 691 1430 sunt
718 1365 820 1430 verba
846 1385 900 1456 upa
927 1361 1001 1443 subu
1027 1395 1071 1416 =
1096 1368 1165 1446 πρὸς
1191 1366 1266 1440 ἡμᾶς
1295 1363 1333 1436 εἰς
1360 1366 1411 1424 Γέθ
1441 1360 1561 1448 (11116),
1592 1384 1676 1448 quae

221 1483 372 1570 suppleas
392 1497 467 1551 ante
486 1506 569 1573 seen,
590 1489 667 1552 item
683 1487 833 1574 suppleas
849 1489 882 1552 in
898 1487 963 1551 fine
983 1508 1035 1578 riq-'p
1055 1516 1097 1539 =
1118 1481 1421 1570 εἰςΓέθ(11116.)661
1441 1485 1480 1556 εἰς
1497 1488 1586 1546 Γὲθθα
1601 1483 1674 1570 (8..)

328 1606 408 1672 Luc.
425 1607 560 1673 exhibet
582 1617 709 1675 textum
731 1609 928 1676 uberiorem:
955 1609 1001 1670 καὶ
1026 1609 1139 1688 ἐγένετο
1163 1609 1192 1668 ἐν
1214 1607 1254 1688 τῷ
1278 1604 1340 1691 (S.:
1366 1607 1439 1682 μετὰ
1460 1603 1506 1690 ch)
1530 1609 1675 1684 μετελθεῖν

219 1731 280 1804 τὴν
309 1731 455 1805 κιβωτὸν
484 1734 567 1814 πρὸς
598 1735 676 1806 τοὺς
705 1734 891 1806 Γεθθαίους
922 1730 969 1818 (S.
993 1731 1114 1795 habeut
1141 1737 1266 1794 tantum
1293 1724 1401 1814 αὐτήν),
1430 1727 1501 1791 cod.
1526 1726 1580 1791 19:
1606 1731 1675 1811 πρὸς

220 1853 290 1932 Γέθ;
320 1851 451 1916 uidetur
482 1853 696 1940 supplendum
728 1878 799 1920 esse
831 1854 982 1939 eman-bu.
1031 1853 1070 1917 In
1100 1852 1164 1917 fine
1192 1851 1273 1915 Luc.
1295 1848 1407 1914 habet:
1436 1849 1474 1921 εἰς
1501 1851 1553 1922 τὰς
1580 1851 1675 1931 ἕδρας,

219 1971 269 2037 S.:
297 1974 345 2034 Ὶοιὶ
371 1974 509 2049 ἐπάταξεν
537 1977 635 2049 αὐτοὺς
663 1978 702 2050 εἰς
720 1957 779 2050 Ιτόις
806 1979 891 2059 ἕδρας
918 1977 1006 2038 αὐτῶν
1033 1975 1107 2040 ΜΤ.
1136 1983 1258 2040 autem:
1287 1971 1380 2062 wlpqg
1407 1969 1469 2062 ῦτῂ
1497 1987 1593 2068 templ]
1624 1980 1676 2058 „Ol

219 2091 430 2159 absconditae
451 2105 525 2161 sunt
545 2098 591 2162 eis
612 2096 777 2163 vomicae“
792 2097 846 2183 (1)
878 2097 913 2164 Si
932 2105 1032 2162 totam
1051 2096 1220 2161 historiam
1239 2095 1280 2159 de
1301 2093 1551 2158 Philistaeorum
1571 2093 1675 2179 plagis

218 2215 489 2302 consideraveris,
519 2217 615 2284 facile
645 2221 813 2303 concedes,
846 2220 887 2285 de
916 2218 1061 2305 qualibet
1087 2218 1169 2284 urbe
1195 2215 1403 2304 pentapoleos
1430 2216 1554 2300 origine
1582 2224 1675 2280 tenus

219 2336 336 2402 eadem
359 2338 475 2404 iisdem
498 2340 565 2405 fere
588 2341 698 2406 verbis
721 2341 823 2407 relata
845 2342 955 2425 fuisse,
982 2341 1151 2405 historiam
1173 2348 1283 2404 autem
1305 2346 1417 2423 postea
1439 2359 1510 2402 esse
1533 2346 1675 2402 contrac-

218 2467 298 2524 tam.
347 2461 457 2547 Legae
484 2484 562 2548 ergo
589 2472 662 2549 post
689 2464 751 2552 ‘atu
780 2465 813 2529 in
841 2464 931 2528 MT.:
964 2481 1073 2552 crpppr
1100 2460 1162 2552 eq>
1190 2475 1282 2548 trum
1309 2459 1432 2552 erbpqq.
1483 2460 1564 2524 Luc.
1589 2461 1675 2524 enim

218 2605 251 2646 v.
270 2581 339 2646 106
357 2591 431 2668 post
450 2583 605 2668 glossam:
626 2585 672 2646 καὶ
693 2587 824 2664 ἐποίησαν
841 2585 903 2672 (Sc
927 2583 1047 2671 ἑαυτοῖς)
1067 2587 1093 2646 οἱ
1112 2587 1237 2646 recocta
1258 2585 1342 2666 ἕδρας
1361 2591 1466 2668 χρυσᾶς
1482 2581 1537 2668 (cf.
1551 2581 1582 2666 6,
1606 2578 1674 2667 101)

217 2703 390 2769 lectionem
413 2705 547 2770 exhibet
567 2708 756 2791 genuinam:
779 2708 826 2769 καὶ
849 2707 1002 2790 ἑξέβρασαν
1026 2708 1055 2768 ἐν
1079 2708 1169 2779 αθτσῖς
1192 2709 1270 2784 μθες.
1307 2705 1352 2770 St.
1370 2706 1590 2789 Hieronymus
1610 2705 1675 2767 iam

216 2825 272 2890 hic
287 2824 456 2892 historiam
470 2828 504 2892 in
519 2829 704 2912 angustiam
718 2851 837 2913 cogens
853 2831 964 2893 vertit:
988 2829 1263 2914 ,uniuscuiusque
1277 2825 1400 2910 urbis“,
1421 2826 1496 2891 licet
1518 2825 1559 2890 de
1575 2824 1674 2889 rebus

218 2946 389 3012 Accarone
407 2950 508 3034 gestis
529 2951 562 3014 in
583 2950 792 3036 sequentihus
812 2959 898 3036 agat,
920 2961 952 3016 et
972 2949 1114 3035 glossam
1134 2957 1263 3014 auctam
1279 2946 1426 3013 exhibet:
1451 2948 1675 3032 „inieruntque

218 3066 360 3134 Gethaei
383 3070 553 3136 consilium
573 3069 675 3157 (61.6,
699 3070 719 3134 2
739 3071 841 3160 seqq.)
865 3081 898 3137 et
917 3072 1064 3138 fecerunt
1086 3070 1149 3136 sibi
1172 3071 1265 3136 sedes
1288 3068 1459 3156 pelliceas“
1485 3067 1560 3156 (sicl
1585 3067 1626 3132 ef.
1643 3067 1673 3152 6,

223 3188 286 3274 10).
318 3191 373 3255 Ad
388 3191 445 3256 has
461 3199 571 3257 textus
591 3195 784 3259 mutationes
804 3216 905 3280 paseq
924 3195 1010 3259 linea
1030 3194 1160 3258 videtur
1180 3194 1323 3258 animum
1344 3191 1472 3258 lectoris
1492 3190 1673 3256 advertere.

217 3311 400 3378 6111161
426 3335 541 3378 comm.
565 3337 683 3381 meum.
733 3317 840 3404 Paseq
867 3316 1045 3382 secundum
1073 3316 1217 3381 indicare
1245 3315 1375 3380 videtur
1401 3312 1576 3398 legendum
1603 3333 1674 3376 esse

217 3455 268 3522 uta
289 3458 347 3522 pro
368 3457 407 3521 rt,
429 3437 517 3522 quod
538 3441 704 3504 contextui
724 3462 789 3504 non
810 3442 970 3506 convenit.
1003 3438 1150 3505 Grimme
1170 3437 1240 3505 vult
1259 3438 1367 3522 legere
1390 3455 1480 3525 ripun,
1507 3436 1673 3518 „excitans

218 3557 388 3644 (magnam
409 3559 651 3626 tribulationem
674 3560 782 3646 etc.)“.
828 3562 894 3629 Sed
917 3561 958 3626 cf.
975 3585 1005 3626 v.
1026 3560 1106 3625 llb.

324 3680 535 3768 Luc.(100):
559 3682 605 3746 sat
628 3682 878 3758 ἐξαποστέλλουσιν
902 3687 931 3747 οἱ
954 3687 1110 3746 Γεθθαῑοι
1133 3693 1165 3747 61
1187 3690 1235 3745 τοῦ
1257 3684 1320 3743 θεοῦ
1344 3679 1471 3762 Ἰσραήλ.
1506 3679 1569 3743 Pro
1594 3693 1673 3765 pepp

144 3871 147 3874 ,
218 3801 275 3887 (=
294 3801 445 3888 Ἀκκαρών)
469 3805 661 3890 interpretes
677 3803 795 3872 Graeci
818 3806 939 3872 hahent
963 3808 1116 3869 Ἀολαλών.
1152 3803 1242 3870 Ordo
1265 3802 1394 3868 urbium
1417 3801 1541 3864 ratione
1563 3797 1676 3863 habita

217 3923 300 3988 situs
327 3945 439 3990 earnm
466 3925 597 3991 videtur
622 3927 676 3992 hio
703 3927 818 3993 fuisse:
847 3927 980 4012 Azotus,
1008 3925 1160 4010 Ascalon,
1189 3926 1290 4008 Gaza,
1319 3923 1417 4007 Geth,
1446 3922 1594 3986 Accaron
1622 3918 1675 3983 vel

216 4043 305 4109 idem
328 4067 367 4109 ac
389 4043 420 4128 6,
447 4046 495 4128 17,
525 4046 612 4112 unde
638 4047 734 4116 lectio
757 4048 885 4114 Graeca
907 4071 971 4114 non
995 4047 1124 4114 videtur
1147 4069 1218 4113 esse
1241 4045 1390 4130 genuina.
1436 4044 1475 4108 In
1499 4042 1572 4107 ΜΤ.
1597 4063 1674 4126 ergo

217 4167 338 4232 omissa
361 4177 410 4232 est
436 4167 549 4234 relatio
578 4169 619 4234 de
645 4170 743 4236 rebus
774 4173 807 4236 in
834 4171 970 4238 urbibus
993 4171 1135 4237 Ascalon
1158 4179 1191 4235 et
1213 4167 1305 4234 Gaza
1327 4169 1435 4252 gestis,
1460 4187 1543 4253 quae
1566 4173 1675 4230 autem

218 4287 260 4351 de
293 4287 408 4354 ultima
441 4289 522 4354 urbe
557 4289 753 4379 (Acoarone)
788 4291 890 4358 relata
924 4302 1026 4378 erant,
1060 4295 1093 4358 in
1129 4295 1290 4379 epitomen
1325 4296 1436 4354 coacta
1469 4285 1673 4351 exhihentur.

218 4407 292 4473 10b
314 4409 396 4475 Luc.
418 4412 564 4477 exhibet:
593 4415 627 4475 Τί
654 4415 849 4478 ἀπεστάλκατε
878 4419 929 4494 τὴν
957 4418 1075 4492 κιβωτόν
1097 4417 1177 4497 utiq
1209 4413 1340 4478 videtur
1367 4419 1442 4476 61116
1469 4428 1539 4487 rapu
1567 4408 1674 4495 haplo·

215 4531 354 4618 graphia
373 4533 536 4599 excidisse
555 4555 576 4610 .·,1
595 4565 638 4588 =
662 4536 768 4621 ,an?“
794 4537 857 4602 Pro
878 4536 928 4615 *bs
947 4539 1037 4623 legas
1056 4534 1129 4616 urbe
1148 4567 1191 4589 =
1211 4541 1279 4619 πρὸς
1299 4539 1384 4614 ἡμᾶς,
1405 4534 1438 4598 111
1456 4532 1521 4597 fine
1537 4552 1593 4618 pro
1610 4549 1674 4608 qur:

215 4673 288 4730 uun
308 4685 350 4706 =
369 4660 416 4716 τθν
431 4657 502 4718 λαὸν
517 4659 606 4735 ἡμῶν.
635 4658 699 4723 Pro
719 4656 837 4745 rtnuqb
858 4659 996 4724 fortasse
1011 4659 1126 4724 melius
1141 4658 1261 4743 legitur
1277 4655 1331 4741 (cf.
1344 4679 1376 4720 v.
1393 4653 1460 4738 ll):
1481 4665 1545 4742 uult
1564 4649 1672 4738 uraqb.

321 4776 431 4861 Legae
455 4799 511 4864 pro
535 4791 586 4854 6111
609 4788 641 4844 61
663 4797 729 4857 *ara
752 4792 815 4872 opto
837 4809 880 4834 =
902 4785 977 4860 ἡμᾶς
1001 4789 1033 4846 61
1055 4797 1116 4858 opp
1139 4809 1182 4832 =
1204 4782 1251 4842 cbo
1274 4780 1346 4840 λαθν
1369 4780 1456 4855 ἡμῶν.
1500 4773 1569 4837 111)
1593 4773 1673 4838 Luc.

215 4907 288 4983 post
310 4897 452 4984 glossam
480 4901 579 4983 βαρεῖα
607 4903 712 4985 σφόδρα
739 4899 795 4988 (=
817 4915 875 4991 sq
902 4923 994 4993 nqpp,
1020 4900 1110 4987 MT.)
1134 4900 1304 4966 lectionem
1327 4897 1462 4963 exhibet
1485 4896 1673 4980 genuinam:

216 5021 255 5093 ὡς
270 5021 398 5098 εἰσῆλθεν
414 5025 431 5098 ἡ
448 5021 565 5096 κιβωτὸς
585 5031 634 5084 τοῦ
648 5025 713 5085 θεοῦ
729 5023 847 5108 Ἰσραήλ
863 5022 926 5112 (Sa
944 5023 1030 5110 ἐκεῖ);
1045 5023 1136 5108 legas
1152 5044 1243 5106 ergo:
1261 5017 1355 5109 hepta}
1370 5018 1443 5107 'subp
1463 5034 1520 5106 pus
1540 5029 1593 5108 ep·
1605 5027 1674 5102 uba.

215 5141 251 5207 Si
273 5149 383 5208 textus
406 5142 589 5208 Hebraicus
613 5145 773 5228 genuinus
797 5155 891 5231 esset,
915 5147 980 5231 legi
1004 5144 1151 5210 deberet:
1180 5162 1229 5229 etp
1254 5150 1307 5227 ,et
1329 5141 1414 5206 facta
1437 5150 1487 5205 est
1508 5137 1675 5204 tribulatio

214 5265 328 5328 mortis
351 5264 385 5328 in
407 5271 475 5328 tota
495 5265 577 5330 urbe
601 5268 711 5350 gravis
734 5266 829 5333 valde
852 5291 949 5334 manu
969 5269 1033 5332 Dei
1055 5263 1177 5330 Israel“
1204 5263 1261 5354 (cry
1291 5263 1443 5328 mendum
1472 5283 1528 5347 pro
1556 5257 1675 5348 58qu

214 5383 281 5456 Sed
305 5385 439 5450 videtur
462 5395 570 5452 textus
593 5397 736 5454 mutatus
760 5411 831 5454 esse
853 5393 977 5457 ratione
1000 5389 1112 5454 habita
1134 5407 1249 5452 versus
1272 5385 1302 5450 9.
