4084 6024
366 549 441 606 XIV
980 561 992 608 1
1012 557 1083 610 Sam.
1096 562 1120 620 5,
1139 561 1164 608 ὅ.
1183 559 1207 608 6.

366 749 438 809 ntea
454 733 554 798 verba
570 733 663 797 haec:
683 744 758 821 γρρρ
779 748 830 822 pua
849 754 870 812 u
890 752 929 818 ρπ,
947 733 1086 817 anan-'an
1105 732 1191 818 nbat
1214 752 1264 824 νγ
1284 747 1355 808 ntea
1373 744 1441 818 *apr
1461 729 1612 821 papan-bu
1628 746 1731 816 nnsis
1746 729 1820 819 ubas

372 865 423 938 „et
452 865 548 942 capnt
570 857 717 940 Dagonis
748 856 881 940 eiusque
912 854 1032 940 pedum
1061 854 1156 920 ambo
1187 855 1325 938 vestigia
1354 853 1500 918 abscissa
1523 851 1699 938 (iacebant)
1723 872 1820 937 snper

367 977 488 1061 limine,
523 999 597 1042 cum
626 976 721 1041 ambo
753 975 881 1042 articuli
911 999 1064 1044 manuum
1095 975 1289 1040 cecidissent
1318 977 1351 1039 in
1384 989 1551 1061 pronaum,
1586 976 1631 1041 ita
1663 981 1701 1039 ut
1733 972 1820 1038 solus

367 1109 502 1164 truncus
529 1099 675 1184 Dagonis
705 1097 917 1164 remaneret.“
963 1098 1017 1163 Kl.
1040 1106 1134 1184 putat
1165 1097 1265 1181 colon,
1299 1099 1332 1162 in
1362 1119 1426 1183 quo
1458 1097 1499 1161 de
1529 1097 1665 1183 pedibus
1695 1104 1820 1181 agatur,

369 1245 439 1286 esse
462 1222 612 1306 glossam,
636 1224 712 1307 quia
727 1223 845 1306 Dagon
868 1221 1012 1306 exceptis
1035 1221 1140 1306 capite
1163 1227 1197 1284 et
1218 1217 1367 1284 manibus
1383 1215 1560 1304 (humanis)
1584 1239 1701 1304 corpus
1723 1218 1821 1303 piscis

369 1343 532 1428 habuerit3
561 1352 672 1408 contra
699 1341 845 1408 Grimmc
873 1339 1137 1428 (Paselzstudien)
1166 1342 1323 1425 aestimat,
1354 1349 1480 1406 textum
1507 1339 1708 1404 Hebraicum
1734 1347 1820 1404 trun-

370 1489 444 1531 cum
473 1488 545 1530 esse
574 1487 613 1530 ac
642 1465 805 1550 mutilum,
842 1463 1006 1530 Graecum
1041 1474 1150 1530 autem
1183 1465 1361 1549 integrum,
1397 1473 1429 1528 et
1456 1463 1628 1548 Dagonem
1658 1484 1722 1526 non
1751 1483 1821 1526 esse

370 1590 478 1654 Deum
508 1589 643 1674 piscium
678 1587 735 1652 sed
766 1587 932 1670 frumeuti3
962 1596 1104 1651 attamen
1135 1595 1248 1652 neuter
1277 1587 1408 1651 videtur
1435 1595 1523 1651 recte
1550 1585 1672 1669 dicere3
1703 1585 1821 1670 Dagon

370 1713 457 1776 enim
486 1719 567 1775 teste
595 1709 756 1794 Sicgfried
784 1707 917 1794 (Guthe,
948 1708 1076 1773 Knrzes
1106 1707 1419 1792 Bibelvvdrterbuch,
1451 1729 1523 1794 pag.
1551 1705 1627 1792 114)
1656 1706 1744 1772 idern
1774 1715 1823 1770 est

371 1842 467 1918 atque
495 1833 544 1897 Ea
571 1829 638 1918 (vel
666 1828 822 1916 Oanncs),
853 1832 908 1916 qui
938 1825 1081 1914 assyrice
1111 1839 1276 1915 tamquam
1306 1838 1432 1894 creator
1462 1830 1604 1894 omnium
1634 1828 1823 1894 animalium

371 1953 560 2040 aquatilium
582 1963 718 2018 vocatur
741 1952 860 2036 daban,
884 1974 948 2017 non
971 1962 1080 2016 antem
1102 1974 1167 2016 uno
1190 1961 1315 2016 tanturn
1335 1952 1430 2016 modo
1458 1951 1632 2036 effingitur,
1662 1951 1719 2015 scd
1746 1973 1824 2015 mox

372 2078 569 2162 superiorem
593 2076 736 2161 corporis
758 2083 883 2162 partem
906 2074 1090 2158 humanam,
1114 2074 1299 2140 inferiorem
1321 2077 1464 2161 piseeam
1486 2074 1584 2138 habet
1606 2073 1823 2158 (Vigouroux,

373 2199 423 2263 La
445 2197 538 2263 Bible
566 2207 599 2262 et
624 2197 671 2262 les
699 2197 910 2262 ddconvertes
933 2196 1115 2281 modernas,
1138 2195 1176 2260 6θ
1192 2197 1254 2282 ed,
1277 2196 1338 2282 III,
1363 2194 1451 2283 228),
1479 2219 1557 2262 mox
1579 2205 1665 2261 totus
1689 2196 1824 2261 formam

372 2320 511 2386 hominis
536 2318 688 2404 (Kaulen‚
718 2319 877 2403 Assyrien
899 2319 966 2384 und
990 2317 1203 2404 Babylonien,
1226 2319 1256 2383 5.
1272 2318 1372 2404 Aufl,
1394 2317 1483 2404 216),
1507 2328 1580 2383 cute
1602 2320 1712 2404 piscea
1733 2317 1824 2382 indu-

373 2452 434 2506 tus.
458 2479 500 2489 -
524 2442 602 2507 Post
629 2436 669 2528 pn'
695 2439 819 2528 excidit
845 2463 867 2517 n
890 2469 933 2493 =
956 2441 1047 2523 βαχίς.
1093 2437 1156 2530 app
1178 2440 1227 2524 (in
1249 2438 1327 2524 line)
1351 2441 1442 2506 deest
1464 2441 1498 2504 in
1520 2439 1724 2505 versionibus
1747 2440 1826 2504 anti-

374 2567 445 2650 quis
473 2573 506 2628 et
533 2565 565 2627 in
593 2561 665 2628 cod.
686 2563 793 2627 Kenn.
817 2559 879 2624 182
906 2570 1075 2647 ortumque
1102 2562 1232 2627 videtur
1259 2585 1302 2626 ex
1330 2562 1465 2628 vocibus
1496 2561 1703 2648 sequentibus
1731 2557 1824 2650 pabo.

374 2684 494 2769 Verba,
518 2706 600 2770 quae
623 2686 831 2749 inveniuntur
855 2691 927 2769 post
948 2685 983 2744 τὰ
1007 2684 1158 2766 ἐμπρόσβια
1178 2683 1331 2748 videntur
1346 2706 1417 2748 esse
1433 2682 1541 2769 glossa
1555 2684 1597 2748 ad
1613 2683 1697 2747 hanc
1713 2704 1826 2748 vocem

375 2810 552 2894 pertinens:
580 2814 635 2869 τῶν
663 2810 792 2884 σταθμῶν
816 2805 882 2891 (vel
908 2805 1016 2891 potius
1044 2806 1168 2888 βαθμῶν,
1193 2805 1233 2868 cf.
1250 2805 1320 2869 ab
1341 2807 1376 2870 in
1399 2804 1447 2890 S.)
1475 2809 1594 2886 ἔσχατον
1618 2803 1702 2890 (Kl.:
1729 2804 1826 2868 limen

375 2931 519 3014 inferius,
547 2931 580 2994 iu
608 2929 808 3014 oppositione
830 2927 872 2992 ad
896 2929 1043 3013 superius
1066 2925 1192 3016 ιγνριρρ),
1220 2949 1302 3013 quae
1331 2927 1439 3012 glossa
1465 2927 1561 2993 valde
1588 2937 1740 3013 corrupta
1767 2935 1824 3010 est,

373 3060 411 3117 ut
430 3052 560 3116 Lucet
582 3049 712 3116 codices
734 3052 818 3114 varii
841 3049 873 3114 S.
891 3048 1075 3114 ostendunt.
1100 3053 1208 3132 ἁμαρέθ
1232 3059 1281 3116 est
1301 3073 1366 3116 vox
1388 3050 1553 3116 Hebraica
1575 3071 1648 3140 pppis
1674 3049 1826 3135 „limen“;

376 3172 445 3236 cod.
463 3170 526 3236 236
549 3171 649 3236 habet
671 3175 806 3255 μαρεθάν,
832 3171 902 3237 cod.
920 3171 984 3234 244
1007 3175 1166 3252 ἁμαρεθαὶμ,
1190 3171 1244 3236 alii
1268 3172 1396 3238 codices
1418 3174 1520 3239 aliter.

480 3293 545 3358 Hic
567 3316 681 3358 versus
704 3293 835 3359 videtur
858 3294 966 3378 glossa
981 3293 1125 3358 Hebraei
1145 3295 1323 3380 cuiusdam,
1347 3297 1403 3382 qui
1423 3296 1588 3383 explicare
1609 3293 1712 3359 voluit
1733 3315 1827 3358 usum

375 3415 579 3480 transiliendi
606 3415 705 3480 limen
731 3416 843 3502 templi
866 3417 1029 3500 Dagonis3
1057 3417 1111 3482 hic
1134 3441 1214 3484 usus
1237 3419 1323 3482 enim
1345 3441 1410 3483 non
1432 3417 1681 3484 Philistaeorum
1704 3424 1829 3483 tantum

376 3540 525 3625 proprius
548 3546 627 3623 erat,
651 3537 709 3602 sed
733 3539 922 3622 communis,
946 3539 1044 3604 immo
1067 3548 1149 3604 teste
1165 3541 1265 3604 Ftirst
1286 3541 1373 3626 apud
1395 3541 1512 3605 Persas
1535 3563 1613 3606 usus
1636 3548 1705 3603 erat
1727 3548 1829 3602 trans-

377 3659 488 3724 iliendi
511 3660 623 3724 limina
648 3658 759 3746 palatii
789 3663 882 3744 regii,
912 3661 988 3745 quia
1018 3669 1130 3726 sancta
1158 3660 1372 3728 habebantur.
1423 3663 1473 3728 Of.
1496 3664 1594 3728 etiam
1621 3661 1719 3748 Soph.
1743 3660 1771 3742 1,
1799 3659 1828 3724 9.

378 3779 505 3860 Quodsi
532 3783 578 3846 ita
605 3790 663 3865 est,
695 3782 886 3867 explicatur,
918 3803 977 3847 cur
1006 3781 1116 3866 glossa
1144 3783 1231 3868 apud
1259 3784 1340 3848 Luc.
1364 3783 1495 3849 uberior
1525 3786 1576 3868 sit,
1607 3783 1699 3848 addit
1729 3783 1830 3846 enim:

377 3903 446 3964 ἀλλ’
474 3904 685 3987 ὑπερβαίνοντες
711 3905 917 3986 ὑπερβαίνουσιν
944 3935 986 3957 =
1013 3913 1093 3991 rubr!
1119 3913 1179 3995 stip
1206 3925 1245 3989 tp,
1273 3914 1305 3970 et
1332 3928 1390 3971 cur
1418 3905 1488 3972 cod.
1510 3907 1617 3970 Kenu.
1642 3904 1702 3968 102
1730 3902 1831 3969 verba

377 4043 456 4109 νιγγ,
472 4025 631 4109 usquead
647 4024 745 4089 finem
760 4047 874 4090 versus
891 4048 960 4112 sup.
973 4047 1035 4090 ras.
1048 4025 1178 4092 habeat.
1200 4028 1280 4092 Post
1300 4048 1373 4116 pape
1393 4028 1517 4093 excidit
1532 4050 1598 4092 vox
1617 4047 1669 4104 rra
1686 4057 1728 4079 =
1744 4026 1829 4088 οἵααν.

482 4145 590 4230 Legas
612 4146 727 4211 melius
750 4146 805 4222 br
829 4169 886 4234 pro
909 4149 973 4232 ἣν).
1007 4149 1089 4214 Luc.
1106 4158 1232 4214 textum
1249 4148 1432 4216 uberiorem
1455 4149 1602 4215 exhibet:
1624 4150 1672 4211 παὶ
1695 4149 1830 4232 ἐβαρύνθη

377 4270 395 4344 ἠ
424 4266 486 4349 χεὶρ
516 4269 608 4350 κυρίου
639 4269 683 4330 ἐπὶ
712 4268 853 4341 Ἄζωτον
883 4269 938 4331 καὶ
971 4271 1151 4346 ἐβασάνιζε
1182 4275 1259 4344 τοὺς
1289 4271 1474 4352 Ἀζωτῑαυς,
1504 4294 1587 4359 quac
1618 4271 1754 4336 fortasse
1784 4276 1832 4332 est

378 4387 473 4452 lectio
504 4391 645 4472 genuina
675 4411 789 4454 versus
818 4389 847 4474 3,
880 4389 937 4456 ubi
970 4390 1010 4455 de
1042 4393 1177 4456 vomicis
1208 4415 1312 4458 sermo
1343 4417 1414 4459 esse
1444 4394 1570 4460 debuit:
1602 4413 1710 4481 πγγῑ-νῖ
1739 4411 1832 4477 issu!

379 4522 579 4600 urfftvtlttpt'ts
598 4523 663 4600 ntdsst
682 4512 842 4599 ’11319352
865 4512 898 4577 S.
914 4520 1059 4578 vertunt:
1084 4514 1127 4575 ἐπὶ
1148 4513 1266 4588 Ἄζωτον
1286 4515 1332 4577 καὶ
1349 4518 1491 4597 ἐπήγαγεν
1511 4518 1625 4590 αὐτοῖς
1644 4517 1722 4596 κτλ,
1743 4511 1832 4577 vide·

379 4643 432 4696 tur
458 4634 558 4718 igitur
584 4632 679 4698 lectio
706 4634 940 4698 Messorethica
967 4635 1021 4699 hic
1048 4657 1118 4700 esse
1146 4637 1297 4719 genuina.
1343 4633 1408 4703 Sed
1435 4659 1493 4724 pro
1523 4639 1627 4724 priore
1654 4636 1750 4723 plaga
1778 4632 1832 4720 (cf.

379 4778 411 4819 v.
428 4753 464 4840 3)
488 4755 636 4840 ponenda
658 4765 707 4820 est
730 4757 849 4820 omissa
870 4756 973 4820 altera
996 4759 1138 4822 murium
1164 4759 1342 4842 agrestium
1369 4761 1462 4826 iuxta
1483 4759 1679 4825 Luciannm:
1707 4758 1754 4820 καὶ
1781 4759 1833 4818 ἐπ-

293 4953 296 4960 ,
379 4881 488 4956 ήγαγεν
512 4879 603 4949 αὐτοῖς
627 4880 697 4954 μβας
720 4877 766 4939 καὶ
790 4877 943 4960 ἐξέβρασαν
967 4879 1008 4952 εἰς
1031 4881 1080 4952 τὰς
1103 4893 1169 4952 ναῦς
1186 4879 1289 4965 (legas
1311 4884 1374 4954 τοὺς
1398 4881 1492 4967 ναοὺς)
1509 4884 1598 4944 αὐτῶν
1617 4880 1665 4943 καὶ
1688 4881 1726 4953 εἷς
1749 4883 1833 4958 μέσαν

379 5006 430 5076 τῆς
452 5002 549 5081 χώρας
573 4999 660 5060 αὐτῶν
683 4999 837 5081 ἀνερὺησαν
860 5003 928 5078 μύες
949 5001 996 5063 καὶ
1019 5003 1133 5082 ἐγένετο
1157 5005 1286 5084 educere
1307 5006 1423 5066 davaiaco
1444 5007 1559 5084 μεγάλη
1583 5007 1612 5066 ἐν
1634 5011 1668 5088 τῇ
1690 5005 1773 5066 πόλει
1793 5027 1833 5057 =

380 5128 450 5201 'lli
466 5107 540 5200 aba?
556 5131 608 5202 ”lli
625 5131 720 5199 miili
735 5133 800 5200 'illl
819 5125 936 5203 nillil*
951 5130 1024 5202 illi*
1044 5135 1174 5207 cupam
1194 5113 1266 5202 ἳι333]
1282 5115 1408 5205 urbm
1423 5130 1517 5205 illli'lll
1532 5136 1642 5209 0³le
1657 5117 1750 5205 nprbp
1765 5137 1833 5206 ⁸³31·

381 5239 435 5305 Ad
458 5262 572 5305 vocem
595 5258 674 5330 μαγις
696 5275 738 5296 =
759 5249 841 5328 χώρα
864 5244 904 5309 cf.
924 5244 996 5310 Am.
1013 5246 1044 5330 3,
1067 5245 1189 5331 9-113
1214 5247 1245 5332 6,
1269 5247 1304 5332 83
1327 5248 1425 5314 Mich.
1442 5249 1473 5334 b,
1497 5251 1531 5328 53
1554 5249 1596 5314 Is.
1614 5249 1666 5336 34,
1695 5249 1742 5314 13.
1773 5247 1835 5313 Irn-

381 5364 495 5427 merito
516 5385 593 5448 ergo
615 5364 763 5431 Sabatier
779 5365 971 5454 (Bibliorum
994 5367 1082 5434 Sacr.
1100 5369 1219 5434 latinae
1239 5371 1403 5436 versiones
1424 5373 1586 5457 antiquae,
1609 5373 1719 5437 Remis
1740 5370 1835 5457 1743)
