4084 6024
340 563 435 622 XXX
852 571 1069 633 1sam.1s‚ss.
1089 572 1130 619 si.
1164 571 1291 630 13‚1.2.

340 751 445 815 deleta
479 772 559 814 voce
593 771 632 833 ἐ,
668 758 700 813 et
729 763 854 824 etanta]
887 744 968 831 (Kl.)
1002 742 1308 830 „abominationes“‚
1340 745 1359 805 i.
1389 764 1416 806 c.
1446 742 1522 806 deos
1554 741 1794 806 commenticios

340 883 372 938 et
394 873 496 937 fictos.
537 879 541 886 '

441 995 521 1058 Luc.
537 1001 611 1078 post
633 993 673 1072 τῷ
694 994 779 1074 κυρίῳ
802 992 855 1074 (==
878 989 977 1079 πρζιῇ)
1000 989 1106 1054 addit:
1129 987 1176 1050 καὶ
1200 991 1394 1064 δσυλεύσωμεν
1417 987 1455 1066 τῷ
1477 989 1561 1068 κυρίῳ
1578 984 1640 1070 (S.:
1663 985 1711 1047 καὶ
1734 988 1794 1047 dea·
1861 977 1863 980 ¹

339 1120 431 1177 ’κεύσω
461 1139 484 1177 τ.
508 1113 562 1199 κ),
593 1136 675 1198 quae
705 1114 836 1178 videtur
865 1137 936 1178 esse
966 1113 1074 1196 glossa
1101 1113 1264 1197 pertinens
1292 1110 1334 1173 ad
1363 1108 1437 1172 215
1461 1107 1513 1172 vel
1537 1119 1607 1173 orta
1630 1131 1672 1171 cx
1698 1128 1795 1194 oppa

341 1237 392 1322 (κη
413 1257 495 1323 sap]
518 1235 598 1320 xl).

442 1361 546 1444 Paseq
566 1358 652 1422 linea
671 1357 801 1422 videtur
821 1357 966 1422 indicare
987 1357 1141 1420 lectiones
1162 1357 1269 1420 varias
1286 1351 1473 1444 uppabbpzp
1493 1371 1574 1440 apg}
1591 1351 1689 1436 (MT.:
1706 1349 1794 1442 ἦρξε)

340 1513 383 1536 --
406 1481 438 1546 S.
455 1493 486 1544 et
510 1482 606 1545 Lue:
638 1483 667 1540 έν
691 1481 811 1562 ἀληθείᾳ
832 1480 879 1541 καὶ
903 1480 931 1540 έυ
955 1481 1009 1562 ὅλῃ
1035 1479 1136 1560 καρδίᾳ
1166 1481 1240 1555 ὑμῶν
1271 1487 1302 1540 et
1333 1495 1433 1561 epm,
1465 1497 1548 1560 qnae
1571 1474 1701 1539 videtur
1723 1497 1795 1539 esse

340 1605 482 1688 genuina
504 1602 599 1667 lectio
622 1624 680 1687 pro
704 1623 761 1688 σευ-ρ,
785 1624 861 1665 nam
884 1601 916 1665 S.
938 1611 969 1665 et
996 1601 1077 1665 Luc.
1098 1598 1234 1663 habent:
1264 1600 1369 1678 εἴδετε,
1397 1597 1498 1662 Arab.
1521 1597 1651 1661 videtur·
1678 1597 1795 1681 legisse

340 1745 403 1811 mag
427 1726 518 1789 Hier.
542 1756 585 1777 =
607 1725 639 1789 S.
656 1735 688 1788 et
711 1725 792 1789 Luc.

913 1915 1087 1993 CAPUT
1115 1917 1222 1990 XIII.

444 2093 567 2158 Versus
596 2091 607 2151 l
633 2090 675 2155 ab
699 2090 754 2154 illo
776 2089 943 2154 redactorc
967 2091 1106 2154 insertus
1130 2099 1198 2173 est,'
1213 2091 1269 2174 qui
1293 2089 1461 2154 historiam
1484 2089 1559 2152 Heli
1582 2099 1614 2152 et
1637 2088 1796 2155 Samuelis

341 2213 484 2278 iudicum
516 2213 669 2278 historiae
701 2215 843 2298 priorum
874 2235 989 2296 regum
1020 2214 1128 2277 iunxit
1159 2221 1191 2276 et
1221 2211 1342 2276 librum
1372 2213 1418 2276 sic
1449 2220 1555 2276 ortum
1590 2211 1796 2295 „Regnorum

341 2335 501 2421 primum“
527 2334 557 2420 (1
577 2335 662 2400 Sam.
683 2337 710 2419 1,
731 2335 821 2396 1-3
844 2334 972 2419 Rege,
993 2332 1047 2418 11)
1071 2336 1201 2399 vocavit
1229 2345 1261 2398 et
1284 2334 1450 2398 historiam
1479 2342 1659 2398 ceterorum
1682 2355 1795 2417 regum

342 2458 377 2543 (3
400 2459 481 2543 Reg.
499 2459 529 2543 2,
549 2459 661 2522 12-4
676 2460 757 2542 aeg.
775 2456 826 2541 25,
844 2455 900 2542 30)
924 2455 1043 2520 librum
1070 2453 1468 2546 „Regnorumlalterumh
1514 2453 1563 2520 Of.
1585 2457 1794 2539 prooemium.

341 2581 478 2645 Numeri
508 2584 650 2667 corrupti
684 2588 768 2643 sunt.
825 2577 982 2664 Iosephus
1013 2579 1148 2642 Flavius
1179 2577 1305 2663 (Antiq.
1330 2578 1401 2643 Iud.
1426 2577 1488 2661 VI,
1518 2576 1581 2640 378
1612 2576 1718 2659 [XIV,
1747 2575 1795 2660 9])

343 2704 435 2767 dicit:
460 2705 623 2779 ἐβασίλευσε
647 2705 678 2763 δέ
694 2703 861 2779 Σαμουήλου
885 2705 987 2776 ζῶντος
1012 2702 1061 2777 ἔτη
1085 2703 1158 2762 ὀκτὼ
1177 2704 1245 2783 πρὸς
1268 2706 1326 2774 ταῖς
1351 2703 1430 2778 δέκα,
1452 2703 1670 2776 τελευτήσαντος
1694 2699 1725 2760 δὲ
1749 2700 1795 2759 δύο
1907 2720 1910 2726 ’

342 2825 389 2886 καὶ
420 2827 514 2888 εἴκοσι.
538 2825 585 2886 καὶ
608 2826 719 2896 Σαῦλος
751 2826 806 2901 μὴν
830 2824 900 2884 οὕτω
923 2827 1095 2904 κατέστρεψε
1122 2826 1169 2884 aba
1193 2825 1261 2899 βίον.
1308 2823 1472 2907 Regnavit
1501 2843 1579 2905 ergo
1607 2820 1683 2885 Saul
1713 2829 1796 2884 teste

342 2947 479 3034 Iosepho
509 2946 548 3010 18
567 2946 666 3026 †22
686 2976 728 2998 =
748 2945 791 3008 40
818 2967 937 3028 annos3
969 2945 1009 3008 of.
1034 2945 1107 3008 Act.
1135 2945 1184 3027 13,
1208 2943 1246 3005 21
1281 2955 1313 3008 et
1345 2943 1584 3026 Hummelaucr,
1616 2942 1795 3007 Commio

342 3069 442 3134 libros
476 3070 574 3152 Sam„
608 3091 681 3153 pag.
710 3067 779 3130 132.
834 3065 899 3146 Qui
934 3089 1087 3130 numerus
1122 3067 1252 3130 videtur
1286 3089 1357 3130 csse
1391 3068 1565 3150 genuinus,
1600 3065 1675 3129 licet
1708 3064 1794 3128 idem

343 3191 499 3278 Iosephus
525 3191 545 3255 l.
567 3214 594 3255 c.
616 3191 659 3274 Χ,
683 3189 745 3252 143
773 3188 878 3272 (VIII,
899 3187 934 3274 4)
963 3188 1097 3253 scribat:
1126 3192 1174 3265 έτρ
1202 3191 1234 3250 δὲ
1261 3193 1363 3262 πάντες
1392 3189 1439 3274 (ἐκ
1465 3197 1513 3250 τσῦ
1539 3190 1656 3249 Δαυίδου
1683 3187 1794 3272 γένους)

344 3317 561 3392 βασιλεύσαντες
578 3317 745 3374 πεντακόσια
764 3313 811 3374 καί
832 3315 1023 3395 δεκατέσσαρα
1042 3311 1088 3374 καί
1109 3320 1198 3390 μῆνας
1218 3311 1250 3386 ἓξ
1269 3313 1317 3374 καί
1339 3315 1446 3394 ἡμέρας
1471 3314 1550 3392 δέκα,
1574 3311 1604 3385 έξ
1627 3307 1666 3372 ὧν
1689 3311 1795 3371 εἴκοσι

343 3439 392 3513 τὴν
416 3439 505 3518 ἀρχὴν
527 3440 664 3516 κατέσχεν
688 3439 702 3496 ὁ
724 3442 833 3518 πρῶτος
857 3436 946 3497 αὐτῶν
969 3435 1101 3511 βασιλεὺς
1124 3436 1251 3506 Σαοῦλος
1279 3435 1328 3495 οὐκ
1355 3435 1387 3495 ἐκ
1413 3441 1463 3512 τῆς
1492 3436 1574 3512 αὐτῆς
1603 3435 1690 3514 φυλῆς
1713 3435 1795 3514 ὑπάρ-

343 3582 416 3640 χων,
445 3559 574 3623 videtur
602 3559 688 3622 enim
715 3579 884 3622 numerum
913 3557 1087 3623 rotundum
1115 3557 1169 3620 hic
1191 3559 1338 3642 posuisse
1361 3579 1419 3642 pro
1443 3558 1491 3617 δύο
1513 3556 1560 3616 καὶ
1584 3555 1669 3616 εἴκοσι
1692 3554 1795 3637 annis,

343 3703 423 3765 quos
447 3681 580 3745 Saulum
603 3703 739 3764 regnare
763 3680 847 3744 dixit
870 3681 1018 3744 Samuele
1041 3689 1175 3744 mortuo¹
1211 3679 1350 3744 Videtur
1371 3677 1545 3762 legendum
1568 3689 1623 3768 app
1640 3678 1795 3775 umbriae,

342 3802 436 3867 litere
459 3803 543 3868 enim
566 3804 692 3867 numeri
716 3799 735 3870 b
759 3801 852 3866 facile
876 3802 1029 3866 excidere
1051 3804 1155 3887 potuit
1172 3809 1246 3864 ante
1262 3801 1389 3865 literam
1404 3823 1412 3888 ρ
1428 3801 1565 3866 similem
1582 3799 1636 3886 (cf.
1653 3799 1796 3864 tabulam

343 3923 588 4010 alphabetorum
604 3925 845 4007 Eutingianam‚
861 3925 918 3988 Nr.
933 3922 1002 4008 24);
1019 3945 1114 4009 porro
1130 3923 1219 4006 legas
1239 3937 1294 4014 app
1315 3943 1434 4014 unam
1456 3945 1514 4009 pro
1534 3936 1600 4012 cap
1616 3933 1694 4009 redi,
1715 3944 1798 4006 quae

344 4047 439 4114 lectio
469 4055 540 4112 orta
569 4055 618 4110 est
648 4047 852 4110 commutatis
883 4045 984 4109 literis
1008 4067 1215 4110 numerorum
1240 4045 1271 4129 (a
1296 4068 1369 4110 cum
1393 4044 1437 4130 ι).
1483 4045 1634 4110 Ceterum
1658 4043 1728 4109 eod.
1746 4041 1797 4127 82,

344 4172 399 4254 qui
422 4170 559 4234 Luciani
582 4177 708 4232 textum
736 4168 878 4251 exhibet,
910 4166 1024 4232 habet:
1055 4169 1112 4240 υἷὀς
1139 4173 1286 4250 τριάκοντα
1314 4169 1383 4229 ἐτῶν
1407 4169 1501 4228 Σαοὺλ
1525 4169 1616 4247 ἐντῷ
1640 4169 1796 4244 βασιλεύειν

346 4293 438 4371 αὐτόν,
455 4291 601 4355 similiter
618 4291 708 4376 „cod
724 4289 795 4375 158,
811 4291 904 4374 Reg.‚
920 4289 1011 4354 Arm.
1027 4290 1059 4374 13
1081 4312 1220 4355 necnon
1238 4289 1343 4355 Schol.
1361 4289 1448 4376 apud
1465 4289 1571 4355 Nobil.
1588 4298 1621 4353 et
1634 4288 1796 4374 Anonym.

346 4412 434 4498 (cum
458 4417 472 4474 ὁ
496 4413 604 4499 Σαοὺλ)
627 4416 661 4477 in
684 4413 753 4479 Cat.
772 4413 906 4500 Niceph.
923 4413 961 4477 T.
978 4413 1021 4496 ΙΙ,
1039 4412 1121 4477 353“
1148 4410 1280 4499 (Field).
1327 4411 1426 4498 Apud
1450 4413 1493 4496 8.,
1525 4412 1638 4477 saltem
1664 4413 1698 4475 in
1726 4411 1796 4475 cod.

345 4536 421 4600 Bet
436 4535 466 4600 A
483 4536 573 4600 deest
592 4544 678 4601 totus
694 4559 818 4602 versus.
853 4536 956 4600 Immo
976 4557 1036 4600 nec
1056 4535 1214 4621 Iosephus
1234 4534 1365 4599 videtur
1386 4557 1460 4599 eum
1480 4537 1513 4598 in
1533 4545 1627 4598 textu
1647 4532 1799 4598 Hebraeo

346 4659 509 4722 invenisse
533 4656 567 4744 (l.
584 4681 611 4723 c.
625 4659 683 4743 VI,
701 4657 742 4720 95
767 4659 838 4743 [ίίΙ,
860 4659 915 4740 l]l.

449 4781 528 4845 Post
551 4778 644 4870 ρ’ρξίρ
673 4780 796 4844 excidit
823 4791 876 4856 αίυς
903 4778 1053 4866 (ἀνδρῶν),
1084 4802 1142 4866 pro
1175 4779 1290 4868 &reapse
1322 4778 1353 4844 S.
1378 4777 1513 4842 habent:
1545 4779 1578 4839 ἐκ
1606 4785 1661 4839 τῶν
1692 4777 1799 4859 ἀνδρῶν

346 4903 474 4986 Ἰσραήλ,
498 4904 595 4966 Luc:
622 4904 730 4964 ἐκτῶν
754 4905 817 4963 olda
840 4902 968 4984 Ἰσραήλ.
1015 4901 1133 4966 Deleas
1156 4922 1165 4968 i
1188 4911 1262 4965 ente
1285 4922 1356 4987 otta,
1384 4901 1472 4986 apud
1495 4901 1575 4964 Luc.
1600 4901 1686 4964 enim
1709 4898 1801 4963 deest

346 5027 402 5086 καὶ.
437 5025 500 5090 Pro
523 5045 605 5118 ρκρρ
628 5044 722 5111 arpis
745 5025 825 5088 Luc.
842 5032 971 5108 praeter
994 5023 1163 5089 lectionem
1186 5025 1362 5106 genuinam
1386 5024 1415 5084 ἐν
1438 5023 1478 5104 τῷ
1494 5023 1591 5098 Γαβαὰ
1613 5031 1661 5083 τσῦ
1676 5021 1799 5099 Iti-noph

347 5146 481 5210 exhibet
503 5147 658 5231 glossam:
684 5148 774 5227 ἐντῷ
797 5147 886 5228 βουυῴ
909 5146 960 5231 (ut
981 5147 1062 5211 Luc.
1079 5155 1206 5210 vertere
1230 5145 1309 5209 solet
1332 5168 1448 5210 nomen
1470 5142 1569 5234 πρρρ),
1594 5147 1661 5206 ἕπου
1686 5147 1700 5203 t
1724 5137 1800 5215 οἶκος

347 5271 455 5350 Σαοὺλ,
484 5270 524 5333 cf.
546 5271 648 5333 H.-P.
694 5269 733 5333 In
761 5269 825 5333 fine
852 5269 974 5354 aliquot
997 5270 1125 5334 codices
1149 5268 1270 5333 habent
1293 5265 1385 5358 tbppb
1408 5297 1451 5320 =
1474 5267 1506 5332 S.
1528 5275 1560 5330 et
1582 5267 1663 5330 Luc.
1687 5263 1742 5351 (εἰς
1769 5267 1800 5327 ab

347 5397 480 5469 σκήνωμα
504 5389 608 5476 αὐτοῦ).
