4076 6018
146 745 185 800 19

145 987 184 1043 21

144 1110 187 1166 22

721 568 823 618 seam.
835 568 876 628 20,
898 567 1006 617 19—26.
1039 567 1080 626 21,
1097 566 1137 614 lb.
1154 567 1193 614 16.
1571 549 1686 608 CXXV

320 738 443 824 ·Legas
471 757 532 826 *aaa
560 737 649 826 ttnbrp'
677 751 743 828 *ripa
765 763 824 826 pro
847 759 917 826 *ains
944 738 1020 830 *abst
1048 749 1110 828 '³³¹5
1133 746 1166 802 et
1187 757 1257 828 aas]
1281 767 1323 790 ==
1346 739 1377 798 cb
1401 738 1432 798 δέ
1455 735 1550 822 (Luc.
1573 745 1604 799 ct
1628 734 1686 820 S.).

229 860 295 924 Pro
309 858 405 950 angl?
422 860 597 945 legendum
612 871 661 926 est
677 860 810 948 niupub,
826 861 913 946 quod
929 862 1020 926 Hier.
1033 869 1108 925 aute
1124 858 1234 925 oculos
1250 858 1373 944 habuit,
1390 858 1430 923 cf.
1447 870 1545 945 raupa
1561 857 1605 943 (v.
1620 856 1686 943 20).

336 980 455 1046 Deleas
478 983 621 1068 glossam
642 1004 721 1072 ηῃᾎ.
766 984 847 1048 Luc.
865 993 937 1070 post
960 985 1044 1044 suste
1068 983 1179 1047 inserit
1202 980 1317 1046 verba:
1340 981 1387 1043 aad
1404 978 1478 1042 εἶπεν
1501 981 1598 1057 'lucit

336 1103 494 1190 Suppleas
520 1115 594 1192 post
618 1118 703 1196 apsa
732 1105 834 1172 verba
860 1127 952 1194 usurp]
983 1107 1111 1195 uina-¹715
1136 1105 1291 1190 legasque
1318 1123 1440 1194 annana
1468 1133 1511 1156 =
1537 1105 1611 1165 κατὰ
1638 1105 1688 1178 τὴν

231 1227 315 1304 αὐτῆς
346 1231 473 1308 φρόνησιν
504 1226 612 1312 (Luc.)
643 1251 702 1315 pro
733 1249 802 1320 opp.
855 1230 935 1295 Luc.
960 1227 1134 1293 verborum
1167 1227 1314 1292 ordinem
1344 1228 1509 1290 inversum
1540 1224 1687 1308 exhibet,

231 1347 264 1414 S.
283 1357 409 1414 textum
432 1351 609 1434 genuinum
632 1350 789 1416 exhibent
812 1361 949 1438 excepto
973 1353 1002 1413 ἐν
1025 1359 1060 1436 τῇ
1084 1352 1164 1434 σοφίᾳ
1186 1352 1279 1428 αὐτῆς.

335 1472 459 1536 Versus
488 1481 657 1558 sequentes
685 1473 750 1537 iam
776 1473 819 1538 ad
845 1473 1043 1560 appendices
1066 1473 1108 1537 ab
1131 1471 1254 1538 editore
1277 1469 1330 1534 illo
1353 1469 1435 1534 libro
1459 1471 1595 1534 insertas
1619 1492 1687 1556 per-

230 1592 344 1677 tinent,
367 1594 423 1678 qui
443 1592 545 1659 libros
563 1593 722 1660 Samuelis
746 1617 820 1661 curn
843 1594 935 1660 libris
956 1595 1083 1679 Regum
1106 1597 1151 1659 ita
1173 1595 1351 1677 coniunxit,
1374 1601 1410 1656 ut
1432 1614 1519 1656 nuuc
1542 1593 1575 1655 iu
1595 1600 1688 1656 textu

232 1736 324 1779 sacro
348 1713 554 1780 exhibentur.
601 1715 650 1780 Of.
668 1715 698 1801 8,
721 1716 857 1780 16-18.

336 1837 400 1902 Pro
424 1832 464 1914 'aa
486 1838 576 1922 legas
599 1839 649 1914 ἀα
696 1837 814 1904 Deleas
842 1838 983 1924 glossam
1005 1839 1111 1927 ‘aspha
1139 1861 1203 1924 qua
1225 1837 1258 1901 hi
1281 1859 1395 1902 versus
1418 1835 1687 1923 praecedentibus

231 1959 423 2041 iunguntur;
458 1959 585 2044 glossae
618 1969 767 2025 naturam
802 1963 866 2026 iam
901 1960 1056 2026 articulus
1086 1961 1160 2024 voci
1193 1978 1253 2049 app
1283 1959 1447 2046 praefixus
1478 1959 1686 2024 demonstrat.

232 2099 324 2168 tanga
349 2081 460 2166 (Qerd,
489 2082 612 2147 Kethib
635 2082 741 2174 ragal)
764 2084 845 2148 Luc.
862 2086 961 2148 vertit
982 2092 1031 2145 τοῦ
1054 2084 1179 2144 πλινθίου
1202 2078 1259 2167 (=
1283 2081 1378 2167 '13th
1386 2081 1416 2166 ⁶2)
1444 2091 1476 2145 et
1503 2077 1596 2168 *aba-,i
1626 2083 1688 2153 τοὺς

233 2205 369 2276 δυνάστας
393 2201 449 2288 (=
471 2225 564 2290 'n'tssn
588 2205 641 2270 vel
664 2205 814 2290 αῆὴῇηῗ).

337 2325 401 2390 Pro
422 2340 511 2415 uuum
526 2326 615 2410 legas
637 2345 757 2417 nuptm
773 2325 855 2412 (cod.
872 2327 979 2392 Kenn.
998 2326 1074 2412 150)
1096 2357 1137 2380 =
1156 2327 1204 2388 καὶ
1224 2328 1390 2408 Ἀδωνειράμ
1409 2325 1490 2410 (cod.
1504 2326 1541 2410 Β,
1559 2326 1629 2390 cod.
1643 2325 1688 2390 A:

232 2445 411 2532 Ἀδωνιράμ),
435 2447 476 2511 cf.
495 2449 511 2511 1
529 2449 610 2534 ch.
626 2450 658 2534 4,
674 2449 704 2512 6.
750 2451 846 2515 Luc:
871 2449 1021 2532 Ἰεζεδράν.
1067 2450 1121 2513 Ex
1148 2448 1210 2513 hoc
1238 2447 1306 2514 colo
1335 2447 1449 2533 elucet,
1477 2447 1538 2512 hoc
1564 2447 1688 2512 brevia·

233 2569 318 2632 rium
340 2572 516 2655 posteriore
539 2579 683 2658 tempore
706 2582 875 2636 exaratum
898 2593 969 2636 esse
992 2594 1089 2657 quam
1112 2570 1202 2652 illud,
1226 2571 1313 2656 quod
1337 2574 1442 2657 capite
1462 2569 1481 2634 8
1505 2571 1687 2636 exhibetur.

233 2690 298 2754 Pro
318 2703 424 2780 appi-r}
444 2691 525 2756 Luc.
543 2691 642 2758 habet
662 2697 754 2773 Σαφάν
774 2716 832 2779 pro
852 2688 955 2779 nauli
975 2693 1136 2772 Ὰχιθαλάα.
1175 2691 1294 2756 Deleas
1314 2693 1485 2758 articulum
1505 2703 1579 2758 ante
1600 2713 1688 2782 uiam.

338 2825 391 2905 teg
417 2811 518 2898 (Qere
541 2812 609 2903 aio)
633 2814 787 2880 mendum
809 2824 858 2879 est
884 2837 942 2900 pro
969 2826 1047 2904 appii
1072 2845 1113 2868 ==
1137 2817 1237 2894 Σούσα,
1265 2815 1336 2879 cod.
1357 2814 1401 2879 A:
1430 2815 1530 2896 Ἰσούς,
1558 2814 1629 2880 cod.
1646 2815 1688 2880 B:

234 2935 354 3012 Ἰησοὺς.

338 3057 434 3123 Initio
457 3056 607 3144 suppleas
631 3081 673 3122 ex
696 3057 725 3144 8,
749 3056 802 3122 18:
826 3080 866 3148 igr
891 3069 975 3143 ariph
997 3079 1046 3146 πη
1067 3078 1119 3145 *api
1148 3068 1200 3143 „et
1227 3058 1285 3123 lilii
1308 3059 1447 3124 Doridis
1475 3069 1566 3124 eraut
1590 3057 1646 3143 (ei)
1670 3082 1690 3124 a

233 3179 450 3244 sanctioribus
471 3180 643 3245 consiliis“.
683 3183 774 3246 Haec
794 3180 896 3245 verba
918 3181 971 3245 hic
994 3179 1165 3264 excidisse,
1190 3180 1294 3246 elucet
1315 3183 1378 3244 iarn
1400 3203 1440 3245 ex
1464 3197 1510 3269 “tn
1531 3203 1581 3270 m]-
1610 3202 1688 3269 'usqu

234 3301 387 3367 mendum
412 3311 461 3366 est
483 3325 541 3389 pro
564 3323 661 3389 mmm
685 3303 782 3368 Luc:
806 3303 905 3364 Ἰωδάε
929 3300 991 3388 (S.:
1020 3301 1120 3387 Εἴρας)
1144 3305 1158 3364 ὁ
1182 3303 1286 3384 Ἰεθέρι
1313 3301 1386 3386 „Ira
1408 3324 1535 3387 quoque
1557 3327 1577 3368 a
1600 3325 1689 3367 sanc·

233 3423 372 3490 tioribus
394 3433 463 3488 erat
486 3423 661 3489 consiliis.“

808 3548 981 3674 unroh
1012 3599 1118 3673 xxr.

341 3788 458 3870 Quoad
480 3813 594 3856 versus
621 3791 725 3854 1-14
749 3791 824 3854 vide
848 3813 946 3877 supra
969 3800 1067 3876 caput
1088 3812 1219 3874 nonum,
1243 3793 1295 3854 cui
1318 3791 1577 3876 praemittuntur.

340 3913 463 3977 Versus
489 3912 615 3976 15-22
639 3912 694 3997 (==
721 3912 858 3978 lParal.
876 3911 927 3996 20,
944 3910 1044 3995 4-8)
1069 3921 1193 3998 partem
1221 3913 1386 3977 continent
1413 3911 1567 3976 breviarii
1593 3911 1689 3978 bello-

234 4057 307 4100 rum
331 4057 351 4098 a
373 4035 503 4100 Davide
531 4058 605 4100 curn
633 4035 816 4100 Philistaeis
844 4046 1019 4120 gestorum,
1051 4037 1142 4100 euius
1170 4055 1244 4120 pars
1273 4035 1360 4120 prior
1388 4034 1443 4120 (cf.
1464 4033 1526 4120 un)
1555 4035 1690 4099 fortasse

235 4157 297 4221 fuit
319 4155 349 4240 5,
373 4155 500 4220 17-25
528 4188 569 4210 =
600 4158 615 4219 l
641 4157 714 4221 Par.
739 4155 788 4240 14,
810 4155 926 4221 8-16.
972 4156 1021 4221 Of.
1049 4157 1063 4217 1
1089 4154 1195 4220 Paral.
1218 4155 1269 4239 20,
1300 4155 1356 4220 ubi
1386 4156 1501 4221 horum
1531 4156 1689 4222 bellorum

235 4278 349 4344 relatio
372 4281 518 4365 sequitur
540 4280 708 4345 historiam
730 4277 808 4343 belli
830 4279 987 4344 adversus
1012 4279 1214 4343 Ammonitas
1237 4279 1330 4362 gesti.

341 4400 464 4467 Ultima
485 4402 588 4467 verba
610 4423 660 4490 up
681 4419 740 4490 ηαξ]
766 4401 867 4486 (th.:
892 4400 967 4491 unp)
991 4400 1156 4484 iungenda
1178 4410 1252 4465 sunt
1274 4402 1385 4466 versui
1407 4403 1563 4486 sequenti.

340 4523 404 4588 Pro
431 4521 564 4610 suppli)
592 4522 684 4588 multi
712 4523 840 4590 codices
867 4521 1024 4588 exhibent
1049 4534 1126 4612 *app
1149 4520 1274 4610 (Qere),
1302 4523 1391 4608 legas
1419 4545 1492 4589 cum
1515 4523 1569 4586 Kl.
1593 4536 1689 4602 tuing),

236 4643 277 4709 cf.
299 4643 347 4710 S.:
375 4645 421 4706 καὶ
443 4645 603 4721 κατέλαβεν
627 4648 724 4720 αὐτοὺς
749 4643 792 4731 (v.
813 4645 875 4729 ll).
921 4645 984 4708 Pro
1007 4655 1060 4730 :tp
1083 4646 1163 4710 Luc.
1185 4645 1284 4710 habet
1305 4647 1352 4707 acl
1375 4647 1476 4726 Δαδαύ,
1503 4643 1592 4726 legas
1616 4667 1689 4709 cum

236 4764 290 4829 Kl.
314 4775 387 4847 ηας
414 4768 470 4839 υἱός
500 4765 609 4852 (Luc.)
638 4767 773 4832 fortasse
801 4775 850 4832 est
876 4765 970 4831 lectio
995 4766 1084 4831 varia
1106 4767 1147 4832 ad
1172 4779 1224 4853 sip
1246 4769 1420 4853 pertinens.
1466 4766 1550 4839 Ἰωαὶς
1574 4766 1627 4847 (cl.
1646 4767 1689 4850 S,

236 4910 268 4952 v.
288 4888 340 4972 ll)
361 4887 491 4952 videtur
511 4898 616 4953 ortum
637 4886 833 4973 (metathesi)
855 4912 896 4952 ex
917 4901 971 4964 ou
993 4887 1083 4978 (niti),
1106 4897 1142 4952 ut
1164 4888 1338 4973 legendum
1358 4898 1407 4952 est
1425 4911 1483 4974 pro
1504 4899 1576 4974 urps.
1608 4888 1689 4952 Luc.

237 5019 407 5096 utramque
429 5009 598 5076 lectionem
628 5010 762 5076 exhibet
784 5010 881 5095 (Ἰωὰς
910 5015 941 5083 ὃς
969 5009 1026 5094 ἦν).
1073 5009 1122 5076 Of.
1146 5015 1258 5097 pascq!
1304 5012 1368 5075 Pro
1395 5008 1489 5086 *urbia
1516 5009 1690 5094 legendum

238 5143 286 5198 est
308 5128 400 5210 *sibu
422 5163 466 5186 =
489 5135 598 5194 ἐκτῶν
621 5135 766 5213 ἀπογόνων
790 5132 885 5218 (Luc.
906 5141 939 5196 et
961 5130 1019 5218 S.),
1047 5155 1105 5218 pro
1132 5151 1213 5223 appu
1240 5132 1354 5198 melius
1377 5131 1466 5216 legas
1489 5151 1568 5222 apua
1594 5133 1689 5217 (Luc.

237 5265 269 5318 et
296 5253 344 5319 S.:
375 5261 430 5316 τῶν
460 5253 622 5340 γιγάντων).
673 5256 736 5319 Pro
767 5269 818 5338 lap
848 5253 936 5337 legas
968 5277 1041 5318 curn
1070 5255 1122 5318 Kl.
1152 5270 1232 5340 tnsstp
1258 5255 1311 5318 vel
1340 5257 1444 5340 potius
1472 5271 1559 5340 inpia.
1609 5256 1690 5319 Luc.

238 5387 268 5441 et
296 5375 328 5442 S.
353 5377 549 5441 conicientes
579 5381 723 5441 v'ertnut:
756 5389 802 5437 τοῦ
833 5379 948 5458 δόρατος
980 5378 1072 5438 αὐτοῦ.
1118 5377 1182 5440 Pro
1213 5375 1299 5464 ‘aptita
1329 5375 1418 5461 legas
1445 5378 1510 5464 ‘app
1540 5407 1581 5429 =
1609 5376 1689 5442 Luc.
