4084 6024
734 1497 1183 1592 renuuntur

336 1915 1684 2033 Ommmnmmmmstmmummmflwqmm

224 2070 278 2150 33,
309 2067 348 2130 19
380 2091 453 2133 cum
483 2079 673 2153 argumento
705 2069 860 2134 librorum
891 2069 1049 2134 Samuelis
1080 2077 1113 2132 et
1143 2068 1280 2152 Regum,
1312 2069 1405 2134 facile
1433 2080 1481 2135 est
1508 2072 1684 2156 intellectu,

225 2191 285 2256 hos
317 2190 416 2255 libros
446 2191 569 2274 origine
596 2201 690 2256 tenus
718 2192 798 2256 nihil
829 2192 916 2256 aliud
948 2191 1047 2255 fuisse
1078 2214 1116 2255 ac
1147 2191 1245 2257 libros
1277 2193 1516 2278 prophetarum,
1548 2217 1684 2280 quorum

225 2315 257 2376 in
289 2313 407 2378 iisdem
434 2313 513 2378 locis
542 2315 661 2378 mentio
690 2315 756 2396 liat,
784 2317 816 2379 in
846 2316 1000 2400 epitomas
1029 2323 1166 2378 coactos.
1206 2315 1279 2379 Non
1302 2325 1410 2380 autem
1433 2318 1550 2402 integri
1575 2327 1606 2381 et
1628 2319 1684 2382 im-

225 2437 344 2500 mutati
371 2435 413 2499 ad
441 2457 499 2500 nos
526 2445 753 2522 pervenerunt,
783 2436 839 2500 sed
863 2438 980 2522 partim
1003 2439 1168 2500 retractati
1191 2446 1223 2500 et
1246 2436 1287 2500 ab
1310 2437 1496 2503 auctoribus
1520 2440 1684 2524 inspiratis

224 2558 402 2642 emendati,
430 2561 548 2644 partim
575 2559 758 2646 interpolati
782 2568 814 2622 et
835 2558 1065 2623 additamentis
1088 2558 1140 2622 vel
1164 2558 1278 2642 glossis
1303 2561 1466 2644 variisque
1493 2561 1684 2626 lectionibus

224 2684 325 2746 aucti.
370 2682 420 2745 De
448 2681 566 2766 quibus
598 2681 638 2746 ef.
665 2691 756 2747 notas
785 2684 912 2745 criticas
941 2691 972 2745 et
1000 2684 1184 2766 exegeticus
1213 2692 1244 2745 et
1273 2682 1547 2747 Commentarium
1576 2705 1683 2747 meum

224 2825 377 2868 sermone
405 2801 600 2868 Germanico
629 2805 821 2888 confectum,
849 2827 922 2890 pag.
939 2803 1024 2867 XIII
1049 2825 1136 2888 seqq.
1185 2802 1273 2882 Quid
1301 2806 1333 2867 in
1362 2805 1562 2870 restituendo
1591 2812 1684 2870 textu

223 2936 359 2990 secutus
390 2927 460 3010 sim,
489 2927 521 2990 in
552 2925 634 2990 libro
665 2927 794 3012 proprio
826 2927 902 2990 data
932 2928 1100 2991 occasione
1133 2927 1419 3009 demonstraturus,
1448 2927 1530 2992 haec
1558 2937 1682 2992 tantum

224 3048 383 3113 deerim:
408 3049 449 3112 ad
474 3058 599 3113 textum
619 3047 818 3113 Hebraicum
842 3047 1076 3113 restituendum
1105 3049 1241 3112 multum
1270 3050 1394 3113 confert
1422 3051 1527 3114 versio
1556 3049 1683 3114 Graeca

223 3172 441 3258 Septuaginta
470 3171 533 3256 (S.)
564 3173 784 3258 interpretum,
819 3173 910 3235 cuius
945 3181 1009 3234 tres
1045 3174 1232 3256 praesertim
1265 3171 1421 3236 editiones
1453 3173 1484 3234 in
1515 3172 1683 3236 eonsiIium

222 3293 434 3359 adhibendae
465 3305 556 3359 sunt:
595 3295 622 3358 1.
652 3305 760 3360 textus
792 3295 930 3359 Luciani
965 3293 1085 3380 (Luc),
1121 3317 1217 3380 quem
1250 3296 1434 3380 nuperrime
1465 3294 1617 3378 Lagarde
1650 3297 1683 3358 in

224 3416 336 3482 lucem
359 3416 470 3501 edidit,
494 3419 572 3502 quin
597 3427 703 3482 tamen
728 3439 855 3502 semper
878 3419 1013 3503 optimas
1038 3418 1172 3502 elegerit
1194 3418 1347 3482 lectiones
1369 3429 1400 3481 et
1419 3418 1544 3503 glossas
1564 3421 1682 3482 varias-

221 3562 289 3625 que
312 3538 465 3604 lectiones
489 3541 625 3604 insertas
650 3540 806 3621 omiserit3
832 3537 862 3602 2.
883 3549 992 3603 textus
1017 3540 1136 3603 codicis
1159 3539 1185 3603 B
1209 3537 1386 3625 (Vaticani)
1410 3548 1442 3603 et
1465 3539 1494 3602 3.
1517 3539 1683 3604 codicisA

223 3661 484 3746 (Alexandrini),
505 3683 642 3748 quorum
662 3671 798 3747 uterque
818 3661 935 3725 librum
954 3661 1111 3727 Samuelis
1133 3661 1321 3746 originalem
1342 3661 1528 3727 exhibuisse
1545 3661 1683 3745 videtur,

222 3783 333 3870 qualis
367 3783 437 3865 fuit,
468 3794 641 3870 antequam
671 3785 806 3849 historia
836 3784 1007 3867 Dauidica,
1043 3785 1117 3850 olim
1151 3787 1323 3870 separatim
1337 3874 1338 3877 Ἴ
1354 3784 1531 3869 divulgata,
1564 3787 1685 3848 inserta

222 3917 285 3970 est.
336 3906 384 3972 Cf.
412 3909 425 3967 1
454 3907 539 3972 Sam.
568 3907 616 3990 ll,
644 3906 785 3990 12—313
818 3905 866 3989 11,
890 3906 1090 3989 111-1115,
1126 3905 1175 3989 18,
1204 3907 1320 3970 S—ll.
1352 3905 1487 3969 11-19,
1516 3905 1683 3970 neb-30.

223 4030 331 4095 Cuius
361 4029 514 4094 historiae
538 4032 678 4094 Insertae
701 4051 776 4114 pars
800 4029 900 4093 fuisse
924 4028 1076 4093 videntur
1104 4031 1200 4093 etiam
1230 4031 1335 4114 capita
1362 4028 1414 4113 23,
1441 4028 1607 4112 lob-26,
1632 4028 1684 4112 25,

222 4152 283 4216 ubi
318 4161 427 4216 textus
460 4153 607 4217 codicum
640 4153 667 4216 B
698 4160 731 4215 et
761 4151 791 4216 A
823 4151 956 4215 similior
986 4161 1035 4214 est
1066 4154 1169 4215 textui
1200 4151 1336 4214 Luciani
1371 4173 1467 4235 quam
1501 4153 1534 4213 in
1569 4153 1684 4214 ceteris

222 4273 406 4360 capitibus,
449 4275 536 4339 unde
576 4297 614 4338 ea
654 4298 696 4338 ex
734 4275 872 4339 Luciani
911 4273 1051 4337 editione
1090 4273 1279 4359 deprompta
1317 4295 1387 4337 esse
1424 4273 1586 4336 videntur.
1646 4272 1685 4336 In

222 4399 345 4462 ceteris
380 4397 466 4482 quod
500 4398 542 4462 ad
578 4397 735 4463 Samuelis
770 4397 869 4462 libros
904 4399 1019 4462 attinet
1053 4396 1123 4460 cod.
1155 4396 1195 4478 A,
1230 4397 1285 4480 qui
1321 4417 1416 4481 saepe
1451 4397 1581 4460 nomina
1615 4418 1684 4481 prc-

222 4521 301 4606 pria
328 4520 447 4605 optime
475 4529 603 4585 servata
631 4519 774 4604 exhibet,
803 4519 945 4584 medium
975 4529 1061 4582 tenet
1090 4520 1172 4582 inter
1200 4517 1345 4582 codicem
1368 4519 1396 4580 B
1420 4525 1599 4581 attextum
1622 4517 1684 4581 Lu-

222 4643 314 4706 ciani
342 4663 384 4705 ex
412 4664 477 4706 una
504 4651 596 4728 parte
625 4653 658 4706 et
684 4643 767 4706 inter
795 4641 853 4704 hos
881 4649 991 4706 textus
1020 4649 1052 4704 et
1078 4649 1202 4704 ceteras
1225 4642 1390 4704 versiones
1413 4641 1562 4724 antiquas
1586 4637 1684 4724 (Syr,

221 4765 300 4848 Oh,
324 4763 441 4848 Arab.)
465 4787 507 4828 ex
530 4764 595 4830 alia
617 4773 717 4851 parte.
758 4766 810 4828 De
834 4763 950 4848 quibus
975 4763 1014 4827 cf.
1039 4761 1201 4846 Lagarde,
1226 4761 1400 4826 Librorum
1425 4761 1552 4825 Veteris
1575 4761 1685 4825 Testa-

220 4889 340 4969 menti,
372 4910 401 4973 p.
422 4886 460 4970 I;
495 4887 612 4972 Suete,
649 4887 719 4951 The
754 4885 818 4952 Old
852 4887 1040 4950 Testament
1074 4886 1106 4948 in
1142 4883 1263 4966 Greek,
1300 4883 1370 4948 Vol.
1398 4883 1432 4958 Ις
1471 4883 1692 4948 Tischendorf

221 5007 381 5096 (Nestle),
419 5009 519 5074 Vetus
555 5010 801 5074 Testamentum
835 5007 972 5091 Graece,
1006 5006 1041 5089 I;
1076 5005 1375 5070 Holmes·Pars0ns
1410 5004 1549 5090 (H.-P.),
1583 5007 1686 5070 Vetus

220 5134 474 5197 Testamentum
498 5131 662 5197 Graecum
686 5155 760 5197 eum
783 5133 882 5195 variis
906 5128 1108 5212 lectionibus,
1133 5138 1208 5194 tom.
1226 5129 1269 5213 II,
1293 5152 1323 5215 p.
1340 5128 1373 5211 Ι,
1407 5128 1510 5213 Field,
1534 5129 1686 5214 Origcnis

221 5253 462 5340 Hexaplorum,
486 5277 568 5340 quae
593 5264 774 5341 supersunt,
800 5255 869 5317 sive
884 5254 1041 5318 Veterum
1063 5251 1280 5338 Interpretum
1305 5251 1505 5316 Graecorum
1528 5253 1561 5315 in
1585 5259 1687 5316 totum

1513 5374 1529 5422 b
