4084 6024
264 707 305 762 26

263 1073 303 1130 27

255 4613 294 4668 31

255 4734 296 4790 32

256 4975 296 5032 33

349 517 453 574 LVIII
934 531 944 576 ι
966 527 1037 578 Sam.
1052 529 1095 590 ao,
1107 530 1218 578 ae-se.

454 701 562 785 Legas
579 723 636 786 pro
656 700 861 783 mmtuc'nbn,
883 699 990 764 deleta
1008 699 1145 765 lectione
1162 703 1253 764 varia
1268 697 1411 770 unas'an
1426 723 1500 766 cum
1515 702 1574 765 Kl:
1595 723 1699 792 annua}
1718 699 1804 780 alana

351 824 447 908 „quia
468 845 532 887 nou
556 831 691 886 excusat
714 820 858 908 (purgat)
882 823 988 886 eum“.
1034 821 1118 886 Set
1140 821 1221 886 Luc.
1243 853 1285 875 =
1305 823 1379 886 MT.
1426 823 1498 908 Syr.
1516 833 1548 887 et
1571 823 1630 888 Ch.
1648 835 1680 888 et
1703 823 1802 889 Arab.

348 967 412 1008 non
435 953 576 1027 vertunt,
599 943 658 1009 sed
681 944 845 1030 explicant
867 954 993 1008 textum
1015 943 1226 1008 Hebraicum.

453 1078 520 1146 upa
543 1067 605 1131 suit
627 1065 737 1132 cerula
758 1069 892 1132 miniata
913 1069 1078 1153 pertinens
1100 1065 1143 1131 ad
1165 1087 1279 1129 vocem
1301 1086 1416 1155 nappe,
1440 1067 1480 1130 cf.
1497 1067 1566 1131 v.5
1587 1077 1619 1132 et
1640 1067 1691 1132 12.
1723 1089 1804 1159 app]

349 1198 402 1274 „et
417 1189 664 1254 desiderabatur
683 1189 773 1254 locus
789 1189 947 1254 Davidis“
971 1186 1071 1275 (sici),
1095 1187 1136 1252 cf.
1152 1210 1184 1252 v.
1200 1185 1258 1270 253
1281 1187 1371 1271 legas
1390 1209 1452 1277 app
1471 1204 1563 1278 pppm
1586 1189 1803 1271 „Ionathanus

347 1308 505 1375 obtinuit“
530 1308 656 1394 (sedem
675 1310 835 1396 Davidis).
874 1312 975 1376 Recte
998 1309 1119 1375 dixerit
1142 1310 1196 1374 Kl.
1213 1309 1385 1374 lectionem
1407 1309 1676 1376 Massorethicam
1699 1321 1803 1378 ortam

347 1455 417 1498 esse
440 1456 459 1497 e
482 1432 685 1519 compendio:
716 1454 775 1523 app
806 1455 841 1512 ’ἠ
871 1433 903 1498 S.
926 1441 960 1498 et
986 1434 1068 1497 Luc.
1092 1442 1248 1517 augentes
1278 1439 1404 1496 textum
1431 1441 1578 1496 vertunt:
1605 1433 1652 1494 acl
1682 1436 1802 1514 ἐγενήθη

346 1553 487 1640 (ἐγένετο)
510 1564 546 1638 τῇ
569 1557 696 1637 ἐπαύριον
723 1566 772 1617 τοῦ
799 1559 887 1634 μηνὸς
915 1563 954 1639 τῇ
981 1559 1091 1638 ἡμέρᾳ
1117 1563 1153 1639 τῇ
1181 1556 1297 1636 δευτέρᾳ
1318 1554 1365 1615 καὶ
1388 1551 1490 1638 (apud
1512 1553 1594 1617 Luc.
1611 1552 1704 1618 deest
1725 1553 1802 1640 sall)

347 1680 485 1756 ἕπεο-μέτα,
514 1681 528 1738 ὁ
555 1682 639 1750 τόπος
666 1681 730 1740 κτλ.
778 1677 842 1743 Sed
870 1679 902 1741 in
931 1676 1054 1742 cod.A
1083 1687 1115 1742 et
1137 1676 1202 1739 244
1228 1675 1321 1740 deest
1346 1682 1381 1758 τῇ
1408 1677 1509 1758 ἡμέρᾳ.
1554 1674 1594 1738 In
1621 1675 1686 1739 fine
1712 1676 1803 1762 legas

347 1823 405 1886 pro
429 1799 527 1885 appu:
551 1797 649 1890 pplppn
677 1830 718 1852 =
742 1801 786 1861 ἐπὶ
807 1802 858 1876 τὴν
880 1804 1019 1882 τράπεζαν
1043 1797 1188 1884 (Lucet
1209 1796 1257 1880 S.)
1280 1807 1316 1862 ut
1338 1819 1370 1859 v.
1388 1794 1430 1858 24
1453 1803 1485 1860 et
1508 1795 1551 1858 30
1572 1805 1605 1861 et
1628 1796 1680 1861 34.

452 1921 609 2007 Suppleas
632 1928 704 2006 post
726 1917 801 2011 ‘resp
826 1943 940 1986 vocem
963 1918 1043 2000 nortl?
1068 1951 1110 1974 =
1131 1921 1225 2002 Luc„
1250 1918 1293 2001 S„
1317 1917 1402 2002 Syr„
1426 1916 1527 1981 Arab.
1565 1918 1603 1982 ln
1627 1918 1692 1984 fine
1711 1919 1801 2004 legas

345 2066 403 2131 pro
427 2045 489 2132 nup
511 2062 615 2120 ινα-το
639 2065 714 2107 cum
737 2043 806 2107 Kl.:
835 2061 894 2119 ννο
921 2039 1053 2130 cub-nra
1079 2039 1146 2131 μὴ
1175 2071 1217 2094 =
1244 2041 1341 2104 Luc:
1371 2041 1485 2120 δραμεῖν
1513 2043 1567 2112 ἕως
1590 2042 1726 2118 Βηθλεὲμ
1752 2051 1802 2121 τῆς

344 2170 458 2239 πόλεως
482 2169 565 2228 αὐτοῦ
587 2165 639 2230 vel
663 2165 711 2231 S:
736 2171 790 2240 ἕως
813 2167 852 2238 εἰς
873 2167 1008 2244 Βηθλεὲμ
1029 2168 1080 2242 τὴν
1102 2166 1184 2226 πόλιν
1207 2164 1290 2224 αὐτοῦ
1311 2163 1487 2244 πορευθῆναι,
1510 2159 1552 2224 cf.
1568 2161 1637 2224 v.6
1660 2171 1693 2226 et
1715 2162 1800 2248 Syr„

344 2287 456 2372 Arab„
481 2287 552 2372 ch„
574 2287 672 2372 Vulg.

449 2411 557 2494 Leges
584 2432 643 2496 pro
670 2429 721 2498 *up
748 2407 843 2496 '’mtt
869 2431 928 2496 aaa]
959 2417 1010 2492 „et
1036 2411 1106 2494 ipse
1133 2405 1301 2471 mandavit
1328 2408 1407 2472 mihi
1436 2408 1536 2472 frater
1561 2409 1685 2494 meus“„
1713 2410 1801 2496 quod

343 2543 503 2618 repugnat
525 2532 701 2615 contextui„
725 2554 800 2596 cum
822 2531 892 2596 Kl.:
921 2531 1058 2622 νηοέῃττῃι
1080 2550 1138 2598 aaut
1165 2550 1306 2614 „eaeque
1327 2528 1455 2616 (epulae
1479 2529 1688 2617 sacrificales)
1712 2554 1798 2596 man-

343 2655 437 2720 datae
461 2664 536 2719 sunt
559 2653 713 2719 fratribus
737 2651 854 2736 meis“;
883 2653 923 2716 cf.
946 2652 1095 2717 Lucani
1119 2652 1292 2712 ἐνετειλαντο
1315 2654 1385 2734 πρὸς
1410 2653 1446 2730 μὲ
1470 2654 1494 2713 οἱ
1517 2653 1635 2732 ἀδελφοί
1656 2675 1720 2731 μου,
1743 2653 1800 2718 ubi

345 2777 481 2842 confusa
503 2785 553 2839 est
574 2774 669 2840 lectio
692 2778 835 2860 genuina
858 2798 932 2840 cum
955 2778 1072 2862 spuria.

447 2899 528 2963 Luc.
545 2896 646 2962 libere
669 2900 768 2962 vertit
794 2919 912 2986 epu-nm]
939 2896 1064 2962 verbis:
1091 2898 1139 2959 acl
1165 2900 1377 2976 ἐθυμώθη
1402 2903 1514 2982 σφόδρα.
1561 2901 1668 2965 Voces
1691 2920 1799 2987 :itys-32

343 3043 455 3108 nanta]
492 3020 557 3106 „fili
590 3019 734 3084 mulieris
769 3021 960 3106 degeneris“
996 3019 1223 3104 (verbotenusz
1261 3043 1363 3107 „quae
1397 3021 1609 3106 degeneravit
1641 3022 1683 3087 ab
1714 3025 1800 3087 omni

344 3142 502 3208 modestia
524 3141 577 3206 vel
601 3140 807 3228 disciplina“)
831 3142 863 3207 S.
880 3151 1012 3207 vertunt
1040 3143 1080 3202 υἱὲ
1107 3144 1244 3224 κοραοίων
1272 3145 1510 3222 αὐτομολούντων,
1537 3143 1580 3208 ad
1607 3143 1695 3230 quod
1717 3144 1799 3208 Luc.

342 3264 448 3328 addit:
479 3273 691 3347 γοναικοτραφῆ,
719 3285 802 3350 quae
826 3273 875 3328 est
897 3263 1005 3349 glossa
1028 3261 1194 3349 explicans
1216 3266 1353 3346 aspector
1377 3267 1615 3343 αὐτομολούντων.
1662 3265 1799 3350 Legisse

342 3385 495 3450 videntur
521 3406 635 3471 μνῆμ’]
662 3394 734 3471 nupt
765 3385 966 3472 „puellarum
988 3383 1192 3450 rebellionis“
1218 3387 1238 3450 i.
1255 3410 1283 3452 e.
1309 3386 1512 3472 „puellarum
1536 3385 1797 3452 dissolutarum“.

343 3508 408 3573 Sed
428 3527 520 3594 nanno
541 3507 691 3592 designat
711 3507 925 3593 disciplinam,
949 3507 990 3572 cf.
1007 3507 1066 3571 Dr.
1084 3515 1116 3571 et
1135 3507 1240 3593 Levy‚
1263 3508 1429 3573 Neuhebr.
1447 3509 1516 3574 und
1531 3507 1798 3574 chaluworter-

342 3629 429 3696 buch
446 3627 520 3714 (ΙΙΙ,
537 3629 625 3714 243).
660 3630 724 3694 Pro
747 3638 810 3707 nuh
831 3629 921 3713 legas
944 3649 1005 3718 unp
1028 3628 1081 3693 vel
1104 3648 1175 3719 unp
1197 3661 1239 3682 =
1263 3634 1384 3710 μέτοχος
1407 3628 1454 3716 (S.
1471 3639 1504 3695 et
1526 3628 1631 3714 Luc),
1656 3629 1696 3693 cf.
1714 3629 1798 3714 Syr„

342 3751 453 3834 Arab„
482 3751 552 3835 ch„
576 3751 672 3835 Vulg,
716 3771 787 3837 rung
814 3750 944 3815 videtur
975 3773 1046 3814 esse
1077 3751 1203 3836 glossa;
1235 3751 1326 3816 deest
1353 3753 1387 3815 in
1414 3750 1485 3816 cod.
1509 3750 1616 3815 Kenn.
1641 3749 1693 3834 95,
1724 3773 1799 3815 cum

341 3875 374 3938 iu
402 3873 473 3938 cod.
496 3873 560 3936 244
586 3874 771 3938 inveniatur
797 3874 867 3938 eius
894 3872 964 3938 loco
986 3875 1082 3958 nauel
1129 3874 1225 3939 Unde
1252 3896 1357 3938 sermo
1384 3896 1449 3938 non
1477 3883 1543 3938 tam
1569 3872 1701 3938 videtur
1728 3894 1799 3937 esse

342 3994 383 4060 do
406 4003 508 4060 matre
531 4015 629 4080 quam
652 3994 693 4058 de
715 3993 781 4058 filio
810 3994 980 4080 degenere.
1027 3994 1155 4075 Quodsi
1181 4018 1233 4060 res
1260 3997 1307 4060 ita
1333 4017 1367 4060 se
1395 3994 1523 4078 habeat„
1550 4015 1662 4080 nina]
1689 4013 1798 4080 uma

342 4115 492 4199 designet
520 4117 628 4181 virum
660 4116 931 4201 „degenerantem
961 4140 981 4180 a
1010 4115 1199 4204 disciplina“
1232 4115 1370 4202 („filium
1401 4115 1661 4199 degenerationis
1688 4139 1708 4180 a
1736 4115 1797 4180 dis·

342 4237 505 4324 cipliua“),
542 4237 780 4324 „impudicum“
816 4269 860 4291 =
892 4241 1088 4324 παιδεραοτήν,
1122 4241 1168 4304 ita
1200 4248 1237 4303 ut
1271 4237 1388 4304 Saulus
1417 4237 1633 4302 Ionathanum
1667 4247 1798 4322 propter

340 4383 483 4426 amorem
517 4359 654 4425 Davidis
684 4361 906 4447 impudicitiae
940 4369 1126 4446 suspectum
1158 4359 1275 4426 reddat
1306 4359 1443 4444 ideoque
1473 4357 1671 4424 Ionathanus
1702 4359 1798 4424 matri

341 4506 418 4548 suae
441 4506 505 4549 non
529 4484 570 4546 sit
592 4482 715 4546 honori.
764 4481 881 4562 Quoad
903 4502 964 4572 aar]
991 4481 1153 4568 „amator“
1179 4481 1220 4546 of.
1237 4481 1280 4545 ls.
1301 4482 1327 4566 1,
1344 4480 1397 4544 23.

445 4606 508 4670 Pro
533 4617 583 4673 tnlt
605 4604 687 4670 Luc.
705 4615 737 4669 ot
760 4604 793 4670 S.
809 4603 945 4669 habent:
970 4608 1015 4666 τον
1038 4605 1157 4666 νεανίαν.

444 4725 484 4790 In
507 4725 622 4791 cod.B
646 4733 724 4809 (non
747 4727 780 4789 in
803 4725 921 4790 codA
943 4726 1079 4812 aliisque
1102 4729 1226 4815 multis)
1250 4729 1342 4794 deest
1363 4731 1402 4810 τῷ
1425 4731 1506 4812 πατρὶ
1529 4731 1621 4812 αὐτοῦ,
1644 4727 1797 4813 Lagarde

340 4849 448 4914 omisit
467 4851 501 4914 in
521 4850 626 4914 textui
645 4847 798 4912 Luciani:
822 4848 861 4928 τῷ
885 4851 989 4930 Σαούλ,
1013 4847 1071 4913 sed
1094 4851 1264 4934 immerito,
1288 4851 1329 4915 cf.
1346 4849 1417 4916 cod.
1435 4849 1487 4934 82,
1504 4849 1555 4934 93,
1577 4847 1648 4934 108,
1672 4848 1796 4935 Compl.

446 4967 508 5060 uby
537 4969 666 5034 videtur
693 4977 798 5035 ortum
826 4992 869 5034 ex
896 4971 1099 5056 compendio:
1129 4972 1222 5046 “trba
1246 5004 1289 5026 =
1312 4971 1430 5063 prpe-¹79
1453 5003 1497 5025 =
1520 4972 1552 5037 S.
1574 4980 1607 5036 et
1628 4970 1723 5036 Luc:
1754 4972 1797 5032 ἐπὶ

340 5089 485 5152 Ἰωναθοὶν.
520 5089 581 5182 ab?
600 5091 756 5156 mendum
777 5101 826 5156 est
845 5113 903 5177 pro
925 5091 1018 5182 τιμῇ,
1041 5093 1082 5158 cf.
1098 5117 1130 5159 v.
1148 5093 1167 5156 9
1189 5103 1220 5159 et
1240 5096 1403 5159 versiones
1426 5095 1585 5179 antiquas.
1617 5093 1649 5159 S.
1667 5099 1699 5156 et
1714 5091 1795 5156 Luc.

341 5213 501 5278 immerito
532 5216 677 5278 inserunt
705 5218 723 5291 ἡ
754 5215 852 5298 κακία,
887 5216 963 5300 qnia
995 5216 1225 5301 neglexerunt,
1260 5238 1364 5301 genus
1398 5216 1588 5280 femininum
1621 5215 1654 5278 in
1684 5213 1798 5298 lingua

340 5330 504 5396 Hebraioa
527 5337 601 5420 poni
625 5357 682 5419 pro
705 5342 829 5399 neutro.
