4084 6024
271 1205 312 1260 :o

270 1569 309 1626 21

270 1939 311 1994 a:

270 2060 311 2115 23

269 2549 310 2606 24

292 3162 308 3218 1

292 3654 311 3708 2

267 4019 313 4074 3b

292 4263 312 4318 4

292 4385 311 4442 5

292 4507 312 4562 6

295 4628 311 4685 7

271 5029 273 5036 =
293 4996 312 5050 8

356 521 490 580 LXXIV
858 539 1009 600 resurae,
1029 541 1139 590 τεν-νε.
1172 542 1214 602 ar,
1235 543 1309 590 1-s.

356 709 466 772 David
499 706 646 793 „hodie“,
677 712 753 794 quia
783 710 897 776 eodem
928 710 981 775 die
1009 714 1122 777 statuit
1147 713 1229 777 fines
1252 715 1344 798 regni
1368 713 1458 780 Sauli
1481 715 1645 800 deserere;
1674 715 1809 781 verbum

355 840 464 896 autem
487 851 591 919 upupa
613 833 694 898 Luc.
711 842 743 898 et
763 833 795 900 S.
813 843 944 900 vertunt
967 837 1121 918 ἐοτηρίσθαι
1145 834 1203 920 (=
1225 837 1354 923 aspen?
1377 837 1430 901 vel
1452 837 1565 928 ussup
1589 839 1640 903 'Aa
1666 843 1808 918 ἅπτεσθαι,

357 958 402 1018 Σ.;
427 957 636 1036 συνδυάζεσθαι,
660 955 747 1040 Syn:
774 979 834 1040 „ne
857 955 1020 1022 habitem“
1038 987 1080 1011 =
1096 958 1198 1040 Hier„
1223 957 1263 1022 cf.
1279 957 1339 1023 Iob
1355 958 1408 1044 30,
1426 958 1455 1042 73
1479 961 1570 1045 atqui
1593 962 1620 1023 si
1642 980 1748 1046 osopo
1768 990 1810 1014 =

355 1097 413 1168 nup
437 1075 586 1162 designat
611 1076 809 1163 „habitare“,
833 1101 892 1144 cur
913 1102 977 1144 non
1001 1089 1207 1146 construatur
1229 1103 1303 1146 cum
1326 1081 1368 1167 a?

460 1201 524 1265 Pro
547 1219 607 1291 urps
629 1213 721 1288 nnus,
745 1201 831 1287 quod
852 1203 1017 1268 Lucienus
1037 1203 1101 1267 iam
1125 1203 1158 1266 in
1181 1211 1274 1267 textu
1293 1203 1418 1267 invenit
1438 1200 1495 1288 (ex
1511 1203 1561 1287 14,
1580 1205 1620 1267 15
1641 1205 1809 1289 depromp-

356 1325 449 1408 tum),
474 1321 563 1408 legas
586 1335 651 1410 *vlup
676 1355 716 1376 =
741 1323 789 1390 S.:
812 1323 891 1410 (τὴν)
915 1329 1006 1405 ψυχήν
1030 1347 1092 1402 μου.
1130 1325 1251 1391 Vocem
1273 1341 1363 1414 auten
1389 1324 1593 1412 „perdiecm“
1619 1327 1700 1392 Luc.
1721 1337 1753 1391 et
1775 1327 1808 1393 S.

356 1454 501 1509 vertunt:
525 1449 540 1506 ὁ
562 1445 733 1529 νυκτικόραξ.

460 1567 561 1632 Recto
582 1566 702 1632 dixerit
717 1565 874 1653 Grimme,
894 1591 994 1654 paseq
1013 1568 1131 1633 lineam
1153 1567 1355 1633 referendam
1377 1592 1448 1633 csse
1463 1568 1505 1634 ad
1521 1581 1576 1638 arnt
1593 1568 1808 1655 „revertere“;

357 1696 464 1752 tamen
493 1687 554 1752 hoc
585 1687 722 1754 verbum
751 1692 929 1775 genuinum
959 1715 1030 1755 esse
1061 1700 1148 1777 puto,
1179 1691 1255 1756 licet
1283 1691 1394 1756 David
1424 1691 1520 1756 huius
1550 1695 1748 1757 invitationis
1777 1695 1808 1756 in

356 1833 508 1896 responso
525 1813 681 1876 rationem
696 1835 759 1876 non
780 1812 911 1896 habeat:
934 1823 984 1878 ast
1007 1813 1164 1879 habemus
1184 1823 1310 1880 textum
1331 1815 1363 1877 in
1385 1815 1612 1900 compendium
1627 1814 1808 1880 redactum!

459 1953 546 2019 nunu
571 1943 620 1998 est
641 1934 736 2000 lectio
759 1937 909 2020 genuina,
932 1935 1017 2022 aba]
1041 1939 1127 2002 enim
1150 1939 1319 2002 vocativus
1342 1945 1406 2001 est:
1432 1960 1470 2023 „o
1493 1935 1584 2001 rex.“

461 2053 535 2146 drab
560 2066 745 2143 corruptum
769 2068 817 2122 est
840 2081 881 2122 ex
905 2072 996 2146 *puna
1020 2059 1075 2145 (cf.
1093 2059 1144 2144 25,
1161 2058 1233 2144 391)
1253 2062 1373 2125 omissa
1391 2061 1629 2146 praepositione
1649 2081 1668 2146 a
1687 2058 1808 2145 (haplo-

355 2175 505 2263 graphia)
525 2187 557 2243 et
577 2187 773 2244 commutata
794 2179 887 2245 litera
907 2203 925 2246 τ
949 2204 1022 2247 cum
1045 2183 1075 2251 ¹).
1114 2182 1211 2248 Unde
1234 2191 1267 2246 et
1287 2181 1462 2267 legendum
1485 2192 1535 2246 est
1557 2201 1649 2270 *xpp-13
1671 2191 1703 2246 et
1726 2201 1809 2273 Ὦξον

355 2296 496 2384 (pror).
544 2299 593 2366 Of.
611 2299 664 2364 Kl.
709 2301 815 2390 Paseq
837 2303 922 2368 linea
945 2303 1076 2369 videtur
1102 2304 1257 2389 indicare,
1285 2303 1459 2389 legendum
1482 2326 1555 2369 esse
1578 2323 1637 2396 ruga,
1661 2335 1703 2358 =
1726 2305 1807 2369 Luc.

355 2429 387 2485 et
410 2421 453 2506 S„
477 2420 588 2508 Arab.,
612 2423 683 2508 Oh„
706 2425 797 2490 Hier.

458 2545 538 2610 Luc.
563 2553 595 2609 et
622 2544 654 2611 S.
678 2543 760 2636 ὑεῖ]
788 2547 838 2613 bis
861 2557 1006 2614 vertunt:
1036 2549 1084 2610 καὶ
1114 2550 1248 2610 ἐκοτοὶσαι
1279 2572 1314 2626 με
1343 2549 1428 2634 (cod.
1453 2549 1495 2614 B:
1526 2549 1573 2610 καὶ
1604 2552 1738 2610 σκεπάσαι
1762 2571 1808 2626 με,

356 2665 426 2730 cod.
444 2665 488 2731 A:
511 2668 558 2730 καὶ
582 2671 729 2732 ἐσκεπάοοι
752 2669 802 2756 με)
826 2679 872 2736 et:
895 2671 941 2732 ani
966 2671 1092 2745 ἐξέλοιτο
1116 2694 1161 2749 με.

804 3056 806 3062 ,
896 2963 1071 3042 curor
1103 2965 1265 3040 xxvii.

460 3158 525 3223 Hic
548 3179 661 3222 versus
685 3157 818 3222 exhibet
840 3156 996 3242 apodosin
1018 3156 1061 3221 ad
1084 3177 1215 3221 versum
1237 3156 1289 3241 25,
1322 3158 1367 3220 la
1393 3157 1617 3242 pertinentem.
1663 3159 1728 3222 Pro
1751 3177 1811 3245 *irps

356 3302 430 3345 cum
453 3279 506 3344 Kl.
530 3279 645 3346 melius
668 3280 758 3366 legas
781 3301 842 3357 unu
867 3279 948 3366 „alio
972 3277 1082 3365 (die)“.
1128 3280 1206 3346 Post
1232 3301 1261 3356 *a
1290 3279 1440 3365 suppleas
1469 3300 1516 3363 nu,
1544 3279 1631 3364 quod
1660 3281 1693 3342 in
1717 3288 1810 3344 textu

355 3403 519 3485 omissum,
543 3403 576 3468 in
600 3405 746 3488 margine
769 3404 925 3489 scriptum
948 3411 1005 3488 est,
1034 3401 1121 3467 unde
1150 3412 1219 3467 orta
1246 3410 1295 3467 est
1317 3401 1413 3467 lectio
1436 3403 1527 3467 varia
1549 3399 1634 3491 obptt
1656 3399 1809 3487 (paseql)‚

355 3544 453 3609 quam
476 3523 594 3588 deleas.

460 3644 541 3710 Luc.
565 3645 678 3710 inserit
706 3646 752 3707 καὶ
783 3648 918 3729 ἐπορεύθη
946 3643 1002 3730 (=
1024 3644 1104 3732 Ἶᾷξν)
1131 3654 1205 3710 ante
1232 3648 1301 3726 πρὸς
1329 3645 1450 3725 Ἀκχοὺς.
1496 3645 1559 3711 Pro
1586 3661 1658 3736 uturp
1686 3644 1756 3709 cod.
1781 3645 1809 3710 B

355 3764 453 3832 habet
483 3769 593 3847 Ἀμμοίχ
622 3765 697 3858 (την
720 3766 891 3832 metathesi
914 3777 1019 3833 ortum
1043 3791 1084 3832 ex
1107 3765 1204 3859 prop),
1238 3767 1319 3832 Luc.
1349 3765 1405 3853 (cf.
1429 3766 1501 3831 Iud.
1528 3768 1556 3852 1,
1583 3765 1635 3853 10)
1667 3766 1808 3848 Ἀχιμάαν,

355 3888 426 3954 cod.
443 3889 488 3953 A:
514 3890 606 3965 Μωοίβ
630 3887 729 3976 (sici).

462 4011 523 4075 Est
545 4010 665 4096 glossa3
693 4010 801 4076 deleas
824 4013 857 4075 in
880 4012 944 4077 fine
966 4011 1092 4075 literam
1114 4033 1144 4079 n.
1191 4010 1291 4076 Sonat
1313 4033 1391 4095 ergo
1414 4010 1495 4076 haec
1517 4011 1639 4095 glossa:
1669 4023 1736 4098 rupi
1760 4031 1809 4098 τη

355 4131 468 4220 *tcum
492 4131 624 4224 burnus
646 4133 749 4218 brasio
772 4133 943 4222 stomin
966 4145 1059 4220 error
1079 4145 1144 4224 vv:-

460 4255 524 4321 Pro
547 4273 609 4343 qur
631 4254 720 4341 legas
744 4278 796 4350 Ἦ
819 4255 943 4342 (Qerd).

460 4378 523 4443 Pro
546 4397 637 4468 *nttssp
657 4378 738 4443 Luc.
763 4375 812 4464 (ut
835 4377 882 4464 S.)
905 4381 1016 4444 vertit:
1041 4381 1140 4461 εὕρηκε
1158 4429 1164 4440 .
1183 4427 1189 4441 .
1209 4383 1247 4443 ,ὁ
1271 4381 1374 4450 δοῦλός
1398 4399 1454 4440 σου.

460 4499 562 4566 Colon
584 4499 720 4566 alterum
745 4501 873 4566 videtur
895 4501 936 4566 ab
961 4499 1085 4566 editore
1107 4500 1182 4565 libri
1205 4501 1309 4565 textui
1332 4501 1488 4565 insertum
1512 4521 1592 4563 esse.

460 4623 524 4687 Pro
547 4643 610 4714 nuc:
631 4621 720 4707 legas
744 4634 820 4712 nup,
847 4632 922 4687 ante
945 4624 1032 4709 quod
1056 4623 1207 4708 suppleas
1230 4643 1400 4688 numerum
1423 4634 1510 4707 uturp,
1538 4623 1594 4706 qui
1617 4619 1673 4706 (es.
1693 4643 1807 4686 vocem

357 4742 618 4830 praecedentem)
642 4743 898 4832 happlographia
920 4748 1024 4832 periit.
1063 4746 1197 4810 Lucet
1220 4743 1252 4810 S.
1274 4746 1424 4809 omittunt
1446 4764 1518 4838 nup,
1542 4741 1613 4808 cod.
1630 4743 1675 4808 A:
1699 4746 1806 4826 ἡμέρας

356 4872 488 4950 τέσσαρες
511 4876 608 4946 μῆνες.

460 4990 524 5054 Pro
551 5010 633 5078 νηνῃν,
661 4985 815 5080 *usura-‘au
838 4988 939 5075 (Qerd
962 4988 1058 5080 ήμην)
1084 4991 1136 5068 „in
1159 4987 1240 5052 fines
1264 4986 1520 5052 Gessuraeornm
1543 4995 1575 5051 et
1598 4984 1808 5051 Gisraeorum

356 5111 446 5194 legas
469 5133 551 5198 uuus
575 5112 714 5198 ntum-52
740 5115 792 5197 „in
815 5121 918 5176 crates
941 5110 1118 5198 pastorales
1142 5107 1373 5196 Hagritarum“
1399 5107 1453 5194 (cf.
1471 5107 1544 5194 Kl);
1571 5110 1654 5174 Luc.
1675 5109 1809 5174 exhibet

357 5235 518 5320 duplicem
540 5233 725 5299 lectionem:
748 5234 794 5296 καὶ
818 5236 972 5297 ἐπετίθεντο
996 5234 1039 5296 ἐπὶ
1061 5237 1152 5296 πάντα
1173 5236 1220 5294 τὸν
1245 5233 1392 5313 ἐγγίζοντα
1415 5231 1515 5296 ataui
1539 5231 1674 5306 ἐξὲτεινον
1698 5232 1741 5294 ἐπὶ
1760 5236 1808 5294 τον

358 5361 536 5440 Γεσσουραῑον
559 5357 606 5418 καὶ
628 5359 675 5418 τον
697 5361 835 5439 Γεζραῑον,
859 5356 929 5422 cod.
947 5356 988 5421 B:
1011 5358 1058 5418 uui
1082 5358 1237 5418 ἐπετίθεντο
1262 5356 1305 5417 ἐπὶ
1327 5357 1417 5415 πάντα
1441 5350 1601 5440 (seiuncti)
1625 5356 1671 5416 τὀν
1693 5354 1807 5436 Γεοειρί,
