4084 6024
726 527 738 574 l
758 523 827 574 Sam.
841 527 884 588 21,
902 527 995 576 9-14.
1026 527 1069 588 22,
1090 529 1164 576 Ι-θ.
1598 517 1672 574 LXI

213 698 373 774 Ἰδουμαῖος
405 695 516 781 (Luc.)
546 697 579 762 S.
602 697 765 782 legerunt:
797 716 886 788 συπρα,
916 727 960 751 --
991 703 1006 760 ό
1036 703 1134 781 Σῦρος.
1192 700 1257 765 Ρσο
1286 723 1357 778 τρια
1386 701 1668 786 „robustissimus“

212 817 345 883 videtur
368 817 542 903 legendum
565 835 627 896 *uns
650 849 693 872 =
718 820 913 900 „summus“.
959 822 1041 887 Lue.
1057 821 1156 888 habet
1178 822 1235 909 (=
1257 821 1320 910 Sl:
1349 828 1440 902 νέμων
1467 826 1518 898 τὰς
1541 829 1670 903 ἡμιόνους

212 943 320 1020 Σαοὺλ,
344 940 385 1004 ef.
408 939 543 1004 lPanal.
560 939 591 1024 9,
608 939 650 1004 26
673 949 706 1004 et
728 941 812 1006 infra
834 939 886 1026 22,
903 939 932 1006 8.

147 1068 167 1122 θ
320 1061 415 1127 Luca
446 1063 490 1125 ne
520 1064 544 1124 εἰ
573 1065 647 1126 ἐστιν
678 1064 794 1125 ἐνταῦθα
825 1061 881 1149 (=
904 1063 950 1148 S.)
975 1094 1017 1118 =
1039 1079 1149 1152 :eh-epp
1176 1086 1243 1152 usp,
1274 1076 1310 1131 ut
1337 1066 1469 1132 videtur
1495 1066 1670 1152 legendum

212 1205 287 1247 esse
314 1206 372 1270 pro
398 1196 489 1271 :ts-na,
515 1205 573 1277 ραι,
604 1183 691 1269 quod
719 1184 774 1250 Kl.
798 1184 949 1251 emendat
978 1188 1026 1251 in:
1056 1201 1147 1274 ,πα-νέξ
1175 1209 1225 1279 *ap
1270 1189 1309 1253 Iu
1332 1189 1397 1254 fine
1419 1212 1477 1276 pre
1500 1211 1558 1281 γνιρ
1580 1190 1670 1276 legas

212 1325 284 1392 ma
307 1335 349 1357 =
371 1307 444 1366 κατὰ
467 1308 587 1382 σπουδήν
610 1304 706 1390 (Luc.
723 1315 755 1371 et
779 1306 837 1394 8.),
861 1307 950 1394 Syn:
975 1307 1152 1395 „urgebat“
1177 1341 1219 1364 ==
1242 1311 1339 1396 Vulg.

129 1433 167 1489 Ιθ
320 1443 407 1516 stup]
430 1447 502 1514 ηιῃι
520 1457 563 1481 =
582 1429 668 1490 θπίσω
691 1436 742 1507 τῆς
766 1431 906 1509 ἐπωμίδος
926 1430 1022 1517 (Luc.
1039 1441 1071 1497 et
1094 1432 1165 1497 eod.
1182 1431 1226 1520 A)
1248 1432 1341 1498 deest
1360 1435 1393 1498 in
1414 1433 1485 1498 eod.
1502 1435 1539 1498 B.
1570 1435 1670 1500 Recte

214 1549 337 1612 dixerit
360 1547 517 1633 Grimme,
547 1570 648 1636 paseq
674 1549 760 1615 linea
789 1550 904 1616 eadem
934 1551 1036 1618 verba
1065 1556 1176 1640 spuria
1206 1554 1385 1640 designari3
1415 1554 1502 1620 unde
1533 1555 1672 1620 delenda

214 1670 377 1736 videntur.
409 1671 475 1738 Sed
496 1671 576 1736 haee
594 1670 681 1736 linea
700 1675 798 1738 etiam
818 1673 962 1740 indicare
981 1684 1097 1762 potest,
1120 1676 1232 1741 ultima
1247 1698 1361 1742 versus
1376 1675 1478 1742 verba
1497 1677 1669 1744 excidisse.

212 1793 253 1856 In
277 1793 341 1857 fine
364 1793 528 1880 suppleas:
553 1793 681 1885 θρτινριρξ]
704 1825 746 1850 =
768 1795 815 1858 καὶ
839 1799 945 1860 ἔδωκεν
968 1799 1052 1875 αθτὴν
1076 1800 1148 1880 αὐτῷ
1171 1798 1268 1885 (Luc.
1285 1809 1318 1864 et
1341 1797 1399 1886 S).

127 1921 166 1976 12
322 1914 479 2002 suppleas
503 1938 577 1982 eum
598 1917 653 1983 Kl.
669 1927 742 2004 post
763 1940 813 2008 πη
835 1919 950 1986 verba:
978 1918 1053 2011 &sap
1081 1940 1139 2007 ην)
1168 1945 1303 2007 „servus
1326 1921 1417 1988 Sauli
1439 1919 1539 2008 (regis
1563 1920 1670 2007 ete.)“‚

213 2039 291 2122 quia
322 2037 434 2102 David
462 2039 607 2104 nondum
637 2050 707 2105 erat
737 2063 806 2106 rex.
853 2041 902 2108 Of.
924 2041 976 2125 29,
997 2042 1026 2107 3.
1072 2043 1181 2128 Legas
1209 2041 1311 2135 appan
1339 2053 1371 2109 et
1398 2054 1520 2135 νιρξρηρ
1544 2043 1669 2130 (Qere).

212 2160 296 2224 Luc.
314 2169 347 2224 et
366 2159 398 2226 S.
415 2170 541 2226 textum
561 2171 693 2228 anetum
713 2162 882 2229 exhibent:
904 2165 965 2244 οθχὶ
985 2168 1073 2247 τούτῳ
1090 2167 1209 2244 ἐξῆλθον
1225 2165 1311 2252 (eod.
1328 2168 1371 2231 B:
1393 2166 1523 2249 ἐξῆρχον,
1539 2166 1610 2233 eod.
1623 2166 1669 2232 A:

212 2279 319 2367 ἦρχον)
343 2283 381 2355 εἰς
404 2284 554 2362 ἀπάντησιν
578 2287 606 2347 αἱ
627 2288 792 2368 χορεύουσαν
815 2285 927 2370 (Luez
953 2287 1000 2350 καὶ
1023 2287 1153 2372 ἐξῆρχον,
1177 2309 1260 2374 quae
1284 2297 1334 2352 est
1356 2288 1464 2374 glossa
1487 2310 1530 2352 ex
1553 2287 1669 2353 eod.B

213 2403 421 2490 deprompta)
444 2407 579 2486 λέγουσαι
601 2403 682 2490 κτλ,
705 2407 745 2472 ef.
765 2406 815 2492 18,
832 2407 861 2472 6.

127 2529 167 2585 lt
321 2526 402 2592 Luc.
425 2536 460 2592 et
488 2527 537 2593 S:
568 2528 615 2592 καὶ
644 2530 803 2607 ἠλλοέωσεν
833 2559 877 2584 =
907 2542 971 2620 ρψρ,
1002 2540 1038 2596 ut
1060 2531 1235 2617 legendum
1258 2541 1307 2598 est
1328 2552 1387 2618 pro
1410 2543 1487 2619 unp.
1532 2531 1596 2596 Pro
1618 2551 1671 2621 ιῃζ]

212 2647 305 2733 legas
333 2671 405 2714 eum
429 2649 483 2714 Kl.
507 2671 571 2743 ηιρρ]
602 2683 645 2706 =
673 2653 721 2715 ναὶ
752 2654 939 2737 ἐτυμπάνιζεν,
970 2653 1087 2740 quibus
1110 2653 1219 2719 verbis
1243 2653 1276 2720 S.
1293 2663 1325 2718 et
1348 2652 1429 2718 Lue.
1445 2653 1669 2739 praemittunt:

212 2771 261 2834 aul
282 2777 503 2866 προσεποιήσατο
527 2776 556 2836 ἐν
579 2783 615 2860 τῇ
636 2779 729 2859 ἡμέρᾳ
752 2777 855 2861 ἐκείνῃ,
878 2798 960 2863 quse
982 2776 1113 2842 videtur
1135 2799 1214 2842 esse·
1229 2776 1338 2861 glossa
1356 2785 1394 2841 ut
1413 2775 1517 2840 verba
1537 2797 1670 2861 sequen-

211 2895 274 2958 tia:
294 2893 341 2954 ιιαὶ
360 2899 531 2978 παρεφέρετο
552 2898 581 2958 ἐν
601 2901 662 2970 ταῖς
680 2897 776 2981 χερσὶν
797 2899 889 2961 αθτοῦ.
917 2898 1029 2964 Verba
1047 2900 1094 2961 καὶ
1115 2901 1226 2961 ἔπιπτεν
1243 2895 1347 2984 (legas
1364 2900 1487 2979 ἔτυπτεν,
1504 2897 1575 2962 eod.
1593 2895 1671 2980 247)

212 3016 257 3078 ἐπὶ
280 3021 342 3090 ταῖς
365 3019 457 3100 θθραις
480 3026 530 3098 τῆς
552 3021 667 3093 πόλεως
690 3030 764 3085 sunt
786 3020 888 3086 altera
910 3022 1018 3087 versio
1040 3020 1216 3086 verborum
1239 3037 1288 3109 ’θη
1311 3039 1386 3112 apg.

775 3313 950 3392 CAPUT
982 3315 1106 3390 XXH.

146 3519 161 3574 l
319 3505 399 3570 Post
421 3509 541 3583 διεσώθη
563 3506 644 3570 Lue.
662 3515 694 3570 et
717 3505 787 3572 eod.
806 3506 832 3570 B
855 3506 977 3571 habent
999 3507 1045 3568 καὶ
1069 3509 1182 3589 ἔρχεται
1205 3503 1290 3592 (eod.
1307 3504 1337 3571 Α
1357 3515 1432 3570 ante
1450 3505 1497 3566 aul
1519 3501 1668 3587 διεσώθη);

212 3627 367 3714 suppleas
389 3651 468 3714 ergo
490 3640 550 3722 stup]
575 3638 627 3715 „et
651 3628 759 3695 venit“
784 3639 820 3694 ut
847 3627 895 3714 19,
913 3628 964 3694 22.

144 3761 163 3817 θ
321 3753 406 3814 Δανθδ
429 3751 522 3816 deest
543 3753 634 3816 initio
657 3751 744 3838 apud
768 3749 1090 3836 Lue.(eod.82,93,
1110 3750 1181 3836 108,
1205 3749 1355 3835 Oompl.),
1379 3752 1543 3816 invenitur
1563 3757 1671 3815 autem

212 3879 288 3956 pest
309 3873 356 3936 καὶ
379 3869 465 3935 εἶπεν.
503 3873 609 3959 Paseq
631 3872 718 3938 linea
739 3871 884 3936 indicare
907 3871 1047 3956 videtur,
1071 3893 1129 3958 pro
1151 3891 1200 3952 κιρ,
1222 3869 1279 3955 (=
1302 3870 1376 3958 Oh.)
1399 3870 1577 3956 legendum
1599 3893 1670 3936 esse

212 4006 270 4076 ,τῇ
296 3993 466 4081 (=·Syr.,
488 3993 600 4080 Vulg.)
623 3994 676 4060 vel
703 4005 767 4080 up}
794 3991 898 4079 (Gr.);
929 3993 961 4059 S.
985 4003 1018 4058 et
1047 3993 1145 4060 Lus:
1175 3996 1355 4078 γινέσθωσαν,
1386 3993 1474 4079 qued
1502 3992 1543 4057 32
1570 3993 1671 4057 variis

212 4115 326 4182 verbis
348 4117 545 4203 respondere
564 4125 680 4203 potest,
703 4118 738 4180 iu
759 4117 810 4182 his
833 4135 882 4210 aa:
905 4125 938 4180 et
960 4128 1025 4184 nau.
1063 4116 1128 4180 Pro
1152 4135 1232 4204 eppa
1253 4115 1344 4200 legas
1367 4135 1448 4208 appa
1470 4115 1523 4180 vel
1545 4136 1608 4204 spa
1630 4146 1672 4168 =

213 4241 289 4317 μετὰ
311 4249 359 4300 σοῦ
382 4237 492 4325 (Luc.)
515 4237 569 4303 vel
590 4241 666 4322 παρὰ
689 4239 732 4300 sel
754 4234 826 4324 (8.).

144 4373 165 4428 4
319 4359 417 4426 Initio
446 4361 528 4425 Luc.
553 4371 585 4425 et
614 4360 647 4427 S.
670 4360 806 4425 habent:
836 4359 883 4423 ael
912 4357 1136 4445 παρεκάλεσε(ν)
1165 4362 1198 4422 πθ
1220 4363 1376 4446 πρόσωπον,
1408 4359 1557 4445 legerunt
1579 4378 1670 4447 nn2213

216 4484 273 4568 „a
289 4485 326 4546 Ol
345 4484 451 4545 λοιποί·
473 4479 547 4568 (καὶ)
567 4485 647 4545 ἔθετο
670 4484 766 4555 αὐτοὺς
786 4485 839 4566 πρθ
857 4479 1025 4564 πρσσώπσυ“
1042 4479 1175 4567 (Field).
1206 4482 1270 4547 Pro
1291 4501 1401 4570 ,ηννιρξι
1421 4503 1472 4572 η’)
1491 4498 1554 4568 τιθῇ
1573 4481 1670 4571 llll?

217 4603 402 4691 „(omnibns
426 4603 555 4689 diebus)
578 4603 696 4691 quibus
719 4603 831 4668 David
854 4603 916 4668 fuit
942 4607 976 4668 in
1002 4602 1184 4690 praesidio“
1215 4627 1289 4670 eum
1315 4604 1370 4668 Kl.
1395 4604 1499 4689 legas:
1530 4598 1670 4693 τῆνος-’πρ

214 4745 295 4814 upupa
314 4746 352 4817 ap
372 4745 430 4816 πῃ)
455 4725 626 4812 „omnibus
649 4725 764 4791 diebus
787 4728 854 4791 suis
875 4729 990 4812 (usque
1013 4728 1056 4792 ad
1080 4725 1229 4806 mortem)
1251 4736 1283 4792 et
1302 4726 1412 4791 David
1434 4747 1562 4810 quoque
1581 4725 1672 4789 venit

214 4849 375 4935 Mispen“.
422 4850 511 4934 Syn:
545 4849 715 4934 „omnibus
746 4848 872 4932 diebus,
903 4847 1021 4934 quibus
1052 4849 1113 4915 fuit
1140 4849 1251 4914 David
1279 4851 1312 4914 iu
1339 4847 1519 4934 Masphia.“
1567 4846 1617 4913 Of.
1639 4869 1669 4910 v.

216 4980 414 5057 sequentem.

148 5101 168 5158 5
320 5093 484 5179 Spelunca
506 5093 661 5158 Adullam
689 5095 750 5159 sita
777 5102 847 5158 erat
873 5094 907 5157 in
934 5101 1021 5157 terra
1042 5093 1135 5177 Iuda,
1163 5092 1250 5158 unde
1277 5093 1331 5157 hie
1354 5090 1395 5155 de
1418 5113 1457 5156 ea
1478 5113 1544 5156 nen
1566 5099 1672 5177 potest

213 5216 278 5299 agi.
324 5215 395 5301 Syr.
413 5215 468 5280 hie
490 5237 618 5302 quoque
641 5217 739 5279 vertit
761 5214 925 5301 Masphia3
948 5214 1039 5299 leges
1062 5237 1139 5300 ergo
1161 5236 1220 5300 pro
1242 5232 1366 5302 ,ηννιρτι
1389 5231 1489 5299 appan
1515 5213 1567 5297 „in
1590 5211 1671 5277 urbe

214 5337 339 5423 llispe“
365 5337 580 5423 (Moabitiea).
627 5337 713 5403 Ante
736 5357 791 5425 ρπρρ
818 5335 968 5422 suppleas
995 5333 1059 5442 ἢν,
1086 5344 1123 5401 ut
1149 5335 1241 5401 multi
1269 5334 1390 5399 habent
1418 5334 1556 5400 codices.
1606 5334 1670 5398 Pro
