4084 6024
752 565 763 610 1
784 561 1017 625 Samara-19.
1048 567 1073 626 ν,
1088 567 1162 614 ι-ν.
1603 556 1683 612 XXI

224 731 359 796 videtur
389 755 482 818 ergo,
517 735 641 826 ratione
671 734 782 800 habita
812 735 874 801 ler.
898 736 929 820 5,
956 737 1005 821 ll,
1037 738 1212 823 legendum
1242 761 1355 827 appan,
1387 740 1527 806 Graece:
1557 742 1604 803 aul
1634 744 1684 815 τὰς

226 855 373 932 ἀμπέλους
396 859 471 933 ὑμῶν
496 855 562 940 (hic
585 856 830 943 etler.5,17).

138 979 180 1035 ss
335 977 366 1042 S.
384 985 417 1041 et
438 976 535 1042 Luc:
562 979 610 1040 καὶ
636 982 671 1040 τὰ
695 980 830 1055 βουκόλια
857 985 942 1065 ὑμῶν,
970 981 1060 1067 legas
1085 1005 1162 1068 ergo
1185 1006 1242 1069 pro
1266 1005 1449 1073 samana-nst,
1475 995 1528 1070 „ct
1550 989 1684 1052 iuvenes

227 1097 390 1163 vestros“:
414 1120 588 1192 agappa-tus]
613 1109 665 1186 „ct
684 1101 785 1168 boves
806 1101 962 1168 vestros“.
998 1105 1062 1168 Pro
1085 1118 1160 1196 app]
1184 1105 1216 1170 S.
1234 1114 1267 1171 et
1281 1106 1362 1172 Luc.
1380 1107 1528 1192 legerunt
1549 1121 1621 1200 ψη]
1641 1140 1684 1162 =

226 1221 275 1282 nai
297 1222 516 1284 ἂπσθεκατώσει.

140 1345 179 1400 17
333 1343 442 1428 Legas
466 1345 556 1408 initio
580 1367 619 1436 aa]
643 1375 686 1400 =
707 1347 754 1407 καὶ
777 1345 833 1431 (=
857 1346 941 1433 Syn,
966 1347 1220 1433 A1·ab.‚Vulg.).
1258 1350 1320 1414 Est
1342 1350 1396 1415 hic
1418 1351 1566 1435 gradatio
1589 1374 1682 1439 quae-

228 1465 314 1549 dam,
342 1475 378 1530 ut
399 1465 483 1530 bene
506 1466 648 1532 advertit
671 1467 740 1533 Kl.:
768 1490 832 1533 non
860 1477 985 1534 tantum
1013 1470 1227 1553 agricolarum
1250 1471 1351 1536 boves
1375 1472 1433 1537 sed
1456 1476 1553 1538 ctiam
1575 1497 1682 1540 noma-

227 1589 307 1653 dum
329 1610 447 1673 greges
470 1589 561 1674 (oves
584 1599 618 1655 et
640 1589 760 1676 hircos)
784 1613 844 1655 rex
867 1591 1052 1656 decimabit.

139 1713 179 1769 18
332 1711 370 1775 In
400 1711 466 1776 fine
496 1712 576 1778 Luc.
601 1712 699 1777 habet
728 1713 881 1798 amplius:
917 1717 957 1776 ὅτι
988 1718 1065 1792 ὑμεῖς
1093 1717 1233 1799 ᾐτήσασθε
1265 1715 1327 1799 (S.:
1362 1716 1545 1803 ἐξελέξασθε)
1577 1723 1683 1793 ἑαυτοῖς

226 1836 361 1910 βασιλέαε
384 1833 534 1920 suppleas
558 1857 650 1920 ergo:
674 1832 736 1925 a'pp,
759 1833 818 1925 app
843 1836 950 1922 αηξνηαθ
974 1857 1035 1920 aas
1057 1857 1097 1914 ra.
1144 1837 1237 1918 Quae
1260 1839 1362 1904 verba
1385 1849 1581 1906 commutata
1603 1865 1683 1908 voce

225 1953 335 2042 nabun
352 1954 462 2040 (Luc.)
484 1979 559 2022 oum
579 1979 760 2043 synonyma
779 1977 883 2043 annua
903 1957 975 2043 (S.),
992 1961 1067 2044 quia
1090 1959 1210 2024 similia
1228 1969 1303 2026 sunt
1325 1961 1604 2048 praecedentibus,
1629 1988 1682 2029 ex-

226 2077 391 2159 ciderunt3
415 2079 455 2142 cf.
474 2077 570 2164 Vulg.

138 2199 178 2256 19
331 2200 428 2265 Luc:
451 2201 500 2262 καὶ
522 2197 598 2263 εἶπαν
622 2202 709 2284 αὐτῷ·
734 2203 821 2284 Οὺχ1;
845 2203 935 2287 legas
960 2199 999 2270 nb
1023 2200 1063 2271 15.

819 2499 994 2576 CAPUT
1028 2502 1095 2575 IX.

162 2692 176 2747 1
332 2690 428 2754 Luc:
455 2690 502 2752 uui
528 2689 562 2768 ἦν
589 2693 659 2773 ἀνὴρ
689 2694 720 2752 ἐν.
747 2699 802 2754 τῶν
825 2694 888 2753 υἱῶν
912 2695 1051 2777 Βενιαμίν,
1082 2694 1276 2759 exciderunt
1305 2718 1382 2780 ergo
1410 2699 1444 2760 in
1472 2697 1545 2760 MT.
1571 2697 1683 2763 literae

224 2835 266 2880 a:
291 2811 534 2898 haplographia.
580 2813 689 2897 Legas
713 2835 770 2899 pro
794 2831 845 2906 pn:
868 2833 916 2902 'aa
933 2813 1085 2902 (Kethlb)
1102 2837 1271 2908 papa-pan.
1319 2818 1436 2898 Quoad
1458 2821 1682 2904 genealogiam

223 2934 265 2998 cf.
292 2938 305 2996 l
331 2933 485 3018 Patalii,
505 2932 634 2998 29-33
658 2944 691 2998 et
713 2934 743 3018 9,
772 2935 910 3000 35-37.
932 2936 982 3000 39.
1030 2938 1136 3002 Series
1164 2939 1303 3005 liliorum
1326 2941 1456 3006 Iehiolis
1483 2943 1684 3028 negligentia

223 3057 395 3123 cniusdam
424 3056 550 3122 scribae
577 3065 701 3122 mutata
728 3067 778 3122 est
805 3060 838 3122 in
866 3059 984 3125 lineam
1011 3060 1250 3145 ascendentem,
1279 3065 1399 3128 inserta
1427 3086 1507 3129 voce
1535 3087 1578 3152 -ῑη
1608 3076 1682 3130 anto

222 3178 394 3265 quodlibet
419 3201 552 3262 nomen;
580 3179 642 3244 lroc
670 3179 791 3245 factum
818 3203 889 3245 csse
916 3183 1048 3248 videtur
1075 3185 1193 3250 omisso
1220 3187 1349 3250 nomine
1372 3187 1452 3274 53³9}
1476 3198 1507 3250 et
1530 3200 1681 3275 corrupto

223 3302 352 3387 bna-*aa
375 3304 408 3365 in
424 3324 523 3367 unam
538 3324 663 3384 vocem,
683 3303 704 3365 i.
718 3324 744 3366 e.
762 3325 878 3368 nomen
899 3305 991 3390 bnans
1011 3303 1022 3376 l
1025 3305 1111 3390 quod
1132 3315 1181 3370 est
1201 3329 1418 3392 synonymum
1438 3331 1512 3372 cnm
1531 3309 1681 3396 synapi).

222 3425 333 3508 Legas
349 3433 422 3510 post
438 3446 551 3490 vocem
571 3437 640 3510 torp:
661 3428 714 3516 hup
734 3442 795 3504 atat
819 3447 911 3516 *papa
934 3438 1063 3513 ananau
1084 3425 1193 3514 (naba)
1214 3445 1302 3516 papa]
1319 3451 1375 3519 na]
1397 3429 1522 3516 baa-*as
1541 3433 1681 3518 θηθζηης

221 3547 264 3611 cf.
291 3546 340 3632 10,
369 3547 409 3610 21
439 3557 471 3613 et
502 3547 550 3632 14,
578 3547 631 3614 50.
655 3550 707 3614 51.
752 3565 821 3636 *nup
844 3557 951 3613 ortum
974 3559 1023 3612 est
1050 3549 1270 3636 dittographia
1293 3551 1405 3616 literae
1427 3574 1446 3618 't
1469 3575 1511 3616 ex
1534 3574 1594 3637 ata,
1623 3554 1680 3617 sed

221 3671 336 3754 negari
360 3693 425 3735 non
448 3680 562 3756 potest,
587 3673 685 3736 etiam
713 3693 761 3739 *un
795 3673 870 3736 oriri
902 3673 1045 3756 potuisse
1076 3695 1118 3736 ex
1147 3689 1232 3759 utun
1268 3690 1359 3761 νήττῃ
1390 3697 1451 3739 non
1485 3686 1534 3739 est
1564 3698 1681 3741 nomen

221 3796 388 3879 proprium
414 3792 476 3880 (Sa
507 3795 610 3877 Βαχίρ,
633 3795 730 3859 Luc:
762 3793 901 3878 Μαχείρ),
932 3795 989 3859 sed
1017 3803 1123 3859 ortum
1146 3817 1189 3858 ex
1215 3794 1324 3880 glossa
1351 3807 1420 3882 rina
1442 3797 1495 3861 vol
1523 3807 1611 3882 natas
1638 3798 1681 3862 ad
1715 3887 1716 3890 Ἴ

221 3937 341 3980 nomen
369 3916 576 4001 primogeniti
602 3913 722 3980 Abdon
750 3918 939 4002 pertinente.
984 3937 1055 3983 roan
1084 3925 1271 4002 corruptum
1294 3919 1336 3981 sit
1359 3940 1401 3982 ex
1425 3931 1543 4004 nnana,
1574 3929 1682 3984 cetera

222 4040 370 4103 coniecta
390 4038 495 4122 magis
515 4060 587 4102 esse
607 4037 761 4103 videntur
783 4060 880 4124 quam
903 4037 988 4101 lecta
1011 4048 1042 4102 et
1064 4047 1215 4102 accurate
1236 4039 1408 4125 descripta.
1440 4041 1504 4105 Sed
1526 4041 1680 4106 cleliam

225 4161 241 4220 1
255 4159 363 4224 Paral.
377 4159 407 4244 3,
424 4157 463 4222 18
480 4181 579 4245 seqq„
596 4159 653 4224 ubi
668 4181 710 4246 *pp
730 4170 763 4224 et
782 4177 823 4246 θη
839 4169 1035 4225 commutata
1050 4163 1259 4226 inveniuntur
1274 4159 1402 4246 (Revue
1419 4161 1569 4248 Biblique
1589 4161 1680 4247 1901,

221 4305 298 4368 pag.
319 4281 372 4368 19)
395 4282 449 4346 vel
477 4303 518 4369 *pp
544 4284 650 4348 textui
676 4284 835 4346 insertum
862 4291 912 4346 est
935 4281 1129 4367 (Rothstein,
1158 4285 1222 4348 Die
1245 4281 1443 4368 Genealogie
1471 4282 1529 4348 des
1553 4285 1679 4370 Konigs

221 4404 375 4490 Jojachin
406 4403 473 4468 und
504 4407 610 4469 seiner
636 4404 885 4470 Nachkommen
914 4405 948 4467 in
979 4403 1251 4488 geschichtlicher
1279 4404 1514 4489 Beleuclrtung
1545 4429 1616 4491 pag.
1638 4405 1680 4468 92

222 4525 338 4614 sequ).
385 4526 502 4607 Quoad
526 4526 701 4591 dictionem
724 4526 871 4610 of.14,3
895 4536 927 4590 et
951 4526 1032 4591 Gen.
1054 4526 1102 4611 11,
1119 4525 1171 4590 99.

330 4648 409 4712 Post
428 4669 458 4712 v.
477 4647 497 4710 3
516 4647 598 4713 Luc.
617 4647 662 4731 (ct
684 4648 754 4712 cod.
777 4647 829 4732 44,
846 4646 897 4731 55,
919 4647 993 4732 246,
1016 4647 1100 4733 Syn,
1124 4646 1239 4734 Arab.)
1263 4647 1375 4712 habet:
1399 4649 1445 4710 aui
1468 4651 1570 4727 ἀνέστη
1586 4651 1681 4712 Σαοὺλ

220 4770 268 4832 aui
291 4771 454 4853 παρελαβεν
476 4775 507 4832 ἓν
529 4777 582 4832 τῶν
605 4772 757 4853 παιδαρίων
780 4775 954 4852 τοῦπατρὸς
978 4771 1059 4830 αὐτοῦ
1082 4770 1143 4848 μετ’
1168 4771 1248 4832 uiros
1270 4770 1317 4830 aei
1345 4771 1480 4851 ἐπορεύθη
1508 4776 1600 4848 ζητεῖν
1627 4773 1679 4844 τὰς

221 4897 303 4967 ὄντας
325 4893 379 4966 Κὶς
401 4903 448 4955 τσῦ
470 4897 576 4976 πατρὸς
600 4895 693 4973 αὑτοῦ,
716 4892 876 4977 compleas
901 4914 993 4976 ergo:
1021 4913 1079 4982 upa
1106 4911 1187 4978 *agea
1214 4911 1328 4976 unit-ns
1355 4908 1406 4968 mn
1433 4915 1493 4979 aps]
1517 4893 1592 4982 &aurp
1616 4916 1680 4988 αξη]

220 5037 282 5107 rat
305 5028 361 5100 aa
383 5027 516 5100 omnm
538 5013 624 5102 aaa
647 5013 722 5102 νθν·

329 5138 439 5222 Legas
462 5158 520 5221 pro
542 5147 622 5223 capp
644 5136 695 5202 bis
719 5155 810 5222 mana]
833 5145 868 5201 ut
890 5135 952 5220 ab,
980 5135 1037 5200 ubi
1060 5159 1124 5201 non
1147 5136 1246 5200 semol
1268 5144 1394 5200 tantum
1417 5135 1474 5201 sed
1498 5136 1549 5201 bis
1572 5137 1679 5222 legen·

221 5259 301 5325 dum
329 5267 379 5325 est
406 5276 507 5345 raptu.
553 5259 617 5324 Pro
645 5279 797 5347 *intrita
823 5259 912 5344 legas
940 5278 1111 5351 papa-papa
1138 5289 1180 5311 =
1208 5259 1292 5343 Syn,
1316 5258 1356 5321 cf.
1375 5281 1405 5322 v.
1425 5257 1474 5323 16.
1520 5258 1601 5324 Luc.
1623 5282 1680 5345 pro

219 5381 323 5472 rip-¹735
356 5380 455 5446 habet
485 5383 598 5465 Σελχά,
632 5403 690 5467 pro
726 5379 837 5469 nbgo‘,
871 5379 957 5468 quod
991 5381 1077 5446 idom
1113 5403 1183 5446 esse
1216 5403 1255 5445 ao
1287 5381 1404 5470 nrabpp
1434 5381 1609 5449 verisimile
1632 5391 1681 5448 est
