<?xml version="1.0" encoding="UTF-8"?>
<!DOCTYPE html PUBLIC "-//W3C//DTD XHTML 1.0 Transitional//EN"
    "http://www.w3.org/TR/xhtml1/DTD/xhtml1-transitional.dtd">
<html xmlns="http://www.w3.org/1999/xhtml" xml:lang="en" lang="en">
 <head>
  <title>
</title>
<meta http-equiv="Content-Type" content="text/html;charset=utf-8" />
  <meta name='ocr-system' content='tesseract 3.04.00' />
  <meta name='ocr-capabilities' content='ocr_page ocr_carea ocr_par ocr_line ocrx_word'/>
</head>
<body>
  <div class='ocr_page' id='page_1' title='image "./librisamuelis00schlgoog/librisamuelis00schlgoog_0118.png"; bbox 0 0 4076 6018; ppageno 0'>
   <div class='ocr_carea' id='block_1_1' title="bbox 725 589 1665 663">
    <p class='ocr_par' dir='ltr' id='par_1_1' title="bbox 725 589 1665 663">
     <span class='ocr_line' id='line_1_1' title="bbox 725 589 1665 663; baseline 0 -15"><span class='ocrx_word' id='word_1_1' title='bbox 725 599 982 663; x_wconf 76' lang='lat' dir='ltr'><strong>neam.s,a-1a.</strong></span> <span class='ocrx_word' id='word_1_2' title='bbox 1018 601 1059 662; x_wconf 91' lang='lat'><strong>10,</strong></span> <span class='ocrx_word' id='word_1_3' title='bbox 1079 600 1153 650; x_wconf 81' lang='lat'><strong>1-6.</strong></span> <span class='ocrx_word' id='word_1_4' title='bbox 1560 589 1665 649; x_wconf 78' lang='lat' dir='ltr'>XCIX</span> 
     </span>
    </p>
   </div>
   <div class='ocr_carea' id='block_1_2' title="bbox 111 770 1663 1963">
    <p class='ocr_par' dir='ltr' id='par_1_2' title="bbox 141 770 1662 1100">
     <span class='ocr_line' id='line_1_2' title="bbox 146 770 1307 861; baseline 0.008 -31"><span class='ocrx_word' id='word_1_5' title='bbox 146 775 169 830; x_wconf 87' lang='lat'>8</span> <span class='ocrx_word' id='word_1_6' title='bbox 317 770 414 835; x_wconf 76' lang='lat' dir='ltr'><strong>Luc:</strong></span> <span class='ocrx_word' id='word_1_7' title='bbox 436 771 483 834; x_wconf 82' lang='grc' dir='ltr'><strong>καὶ</strong></span> <span class='ocrx_word' id='word_1_8' title='bbox 505 775 706 854; x_wconf 77' lang='grc' dir='ltr'>πρυςεκύνησεν</span> <span class='ocrx_word' id='word_1_9' title='bbox 729 775 812 855; x_wconf 77' lang='grc' dir='ltr'>αὐτῷ.</span> <span class='ocrx_word' id='word_1_10' title='bbox 859 773 1016 860; x_wconf 82' lang='lat' dir='ltr'><strong>Suppleas</strong></span> <span class='ocrx_word' id='word_1_11' title='bbox 1040 797 1157 839; x_wconf 87' lang='lat' dir='ltr'><strong>nomen</strong></span> <span class='ocrx_word' id='word_1_12' title='bbox 1180 785 1307 861; x_wconf 56' lang='lat' dir='ltr'><strong>nentem.</strong></span> 
     </span>
     <span class='ocr_line' id='line_1_3' title="bbox 141 893 1662 987; baseline 0.007 -35"><span class='ocrx_word' id='word_1_13' title='bbox 141 897 165 952; x_wconf 78' lang='grc'>9</span> <span class='ocrx_word' id='word_1_14' title='bbox 313 893 393 957; x_wconf 86' lang='lat' dir='ltr'><strong>Post</strong></span> <span class='ocrx_word' id='word_1_15' title='bbox 415 896 430 953; x_wconf 82' lang='grc' dir='ltr'><strong>ὁ</strong></span> <span class='ocrx_word' id='word_1_16' title='bbox 453 895 584 970; x_wconf 79' lang='grc' dir='ltr'>βασιλεὺς</span> <span class='ocrx_word' id='word_1_17' title='bbox 608 895 690 961; x_wconf 88' lang='lat' dir='ltr'><strong>Luc.</strong></span> <span class='ocrx_word' id='word_1_18' title='bbox 706 898 819 960; x_wconf 86' lang='lat' dir='ltr'><strong>inserit</strong></span> <span class='ocrx_word' id='word_1_19' title='bbox 841 919 959 961; x_wconf 91' lang='lat' dir='ltr'><strong>nomen</strong></span> <span class='ocrx_word' id='word_1_20' title='bbox 981 898 1081 980; x_wconf 71' lang='lat' dir='ltr'><strong>hool33</strong></span> <span class='ocrx_word' id='word_1_21' title='bbox 1105 898 1137 960; x_wconf 90' lang='lat' dir='ltr'><strong>in</strong></span> <span class='ocrx_word' id='word_1_22' title='bbox 1160 895 1310 987; x_wconf 50' lang='grc' dir='ltr'><strong>παῖ-θὴν</strong></span> <span class='ocrx_word' id='word_1_23' title='bbox 1334 895 1479 982; x_wconf 83' lang='lat' dir='ltr'>neglexit</span> <span class='ocrx_word' id='word_1_24' title='bbox 1501 902 1662 985; x_wconf 87' lang='lat' dir='ltr'><strong>praeposi-</strong></span> 
     </span>
     <span class='ocr_line' id='line_1_4' title="bbox 208 1014 988 1100; baseline 0.008 -22"><span class='ocrx_word' id='word_1_25' title='bbox 208 1015 331 1080; x_wconf 84' lang='lat' dir='ltr'><strong>tionem</strong></span> <span class='ocrx_word' id='word_1_26' title='bbox 353 1014 383 1100; x_wconf 63' lang='grc' dir='ltr'><strong>Β,</strong></span> <span class='ocrx_word' id='word_1_27' title='bbox 407 1016 494 1082; x_wconf 89' lang='lat' dir='ltr'><strong>unde</strong></span> <span class='ocrx_word' id='word_1_28' title='bbox 517 1020 629 1082; x_wconf 88' lang='lat' dir='ltr'><strong>vertit:</strong></span> <span class='ocrx_word' id='word_1_29' title='bbox 652 1019 879 1082; x_wconf 66' lang='lat' dir='ltr'><strong>soledetates</strong></span> <span class='ocrx_word' id='word_1_30' title='bbox 903 1015 988 1084; x_wconf 79' lang='grc' dir='ltr'><strong>οἷκον.</strong></span> 
     </span>
    </p>

    <p class='ocr_par' dir='ltr' id='par_1_3' title="bbox 117 1137 1663 1449">
     <span class='ocr_line' id='line_1_5' title="bbox 117 1137 1663 1225; baseline 0.004 -27"><span class='ocrx_word' id='word_1_31' title='bbox 117 1143 163 1199; x_wconf 82' lang='grc'><strong>10</strong></span> <span class='ocrx_word' id='word_1_32' title='bbox 315 1139 395 1203; x_wconf 90' lang='lat' dir='ltr'><strong>Luc.</strong></span> <span class='ocrx_word' id='word_1_33' title='bbox 416 1137 517 1204; x_wconf 89' lang='lat' dir='ltr'><strong>libere</strong></span> <span class='ocrx_word' id='word_1_34' title='bbox 540 1149 670 1206; x_wconf 90' lang='lat' dir='ltr'><strong>vertens</strong></span> <span class='ocrx_word' id='word_1_35' title='bbox 692 1140 804 1205; x_wconf 85' lang='lat' dir='ltr'><strong>habet:</strong></span> <span class='ocrx_word' id='word_1_36' title='bbox 832 1141 879 1202; x_wconf 74' lang='grc' dir='ltr'><strong>καὶ</strong></span> <span class='ocrx_word' id='word_1_37' title='bbox 907 1141 1032 1215; x_wconf 84' lang='grc' dir='ltr'>εἰςυῖαεις</span> <span class='ocrx_word' id='word_1_38' title='bbox 1060 1141 1099 1214; x_wconf 85' lang='grc' dir='ltr'><strong>εἰς</strong></span> <span class='ocrx_word' id='word_1_39' title='bbox 1126 1144 1174 1202; x_wconf 73' lang='lat' dir='ltr'><strong>abr</strong></span> <span class='ocrx_word' id='word_1_40' title='bbox 1198 1137 1273 1202; x_wconf 81' lang='grc' dir='ltr'>οἷκον</span> <span class='ocrx_word' id='word_1_41' title='bbox 1295 1151 1345 1203; x_wconf 81' lang='grc' dir='ltr'><strong>τοῦ</strong></span> <span class='ocrx_word' id='word_1_42' title='bbox 1366 1143 1458 1225; x_wconf 74' lang='grc' dir='ltr'>κυρίου</span> <span class='ocrx_word' id='word_1_43' title='bbox 1481 1165 1529 1204; x_wconf 80' lang='grc' dir='ltr'><strong>σου</strong></span> <span class='ocrx_word' id='word_1_44' title='bbox 1553 1145 1663 1224; x_wconf 77' lang='grc' dir='ltr'>ἄρτους,</span> 
     </span>
     <span class='ocr_line' id='line_1_6' title="bbox 206 1261 1663 1356; baseline 0.005 -35"><span class='ocrx_word' id='word_1_45' title='bbox 206 1261 255 1322; x_wconf 77' lang='grc' dir='ltr'><strong>καὶ</strong></span> <span class='ocrx_word' id='word_1_46' title='bbox 282 1264 424 1342; x_wconf 74' lang='grc' dir='ltr'>φάγονται,</span> <span class='ocrx_word' id='word_1_47' title='bbox 451 1261 541 1346; x_wconf 85' lang='lat' dir='ltr'><strong>legas</strong></span> <span class='ocrx_word' id='word_1_48' title='bbox 568 1261 654 1350; x_wconf 62' lang='grc' dir='ltr'><strong>Ἵνα)</strong></span> <span class='ocrx_word' id='word_1_49' title='bbox 683 1285 740 1349; x_wconf 89' lang='lat' dir='ltr'><strong>pro</strong></span> <span class='ocrx_word' id='word_1_50' title='bbox 768 1261 832 1352; x_wconf 62' lang='grc' dir='ltr'><strong>Ἢ)</strong></span> <span class='ocrx_word' id='word_1_51' title='bbox 861 1267 1113 1350; x_wconf 86' lang='lat' dir='ltr'><strong>pronuntiesque</strong></span> <span class='ocrx_word' id='word_1_52' title='bbox 1140 1265 1219 1356; x_wconf 66' lang='lat' dir='ltr'><strong>abpp]</strong></span> <span class='ocrx_word' id='word_1_53' title='bbox 1244 1286 1301 1349; x_wconf 90' lang='lat' dir='ltr'><strong>pro</strong></span> <span class='ocrx_word' id='word_1_54' title='bbox 1325 1262 1415 1354; x_wconf 63' lang='lat' dir='ltr'><strong>lapte,</strong></span> <span class='ocrx_word' id='word_1_55' title='bbox 1440 1274 1475 1330; x_wconf 88' lang='lat' dir='ltr'><strong>ut</strong></span> <span class='ocrx_word' id='word_1_56' title='bbox 1497 1267 1663 1330; x_wconf 85' lang='lat' dir='ltr'><strong>contextui</strong></span> 
     </span>
     <span class='ocr_line' id='line_1_7' title="bbox 208 1387 369 1449; baseline 0.006 -1"><span class='ocrx_word' id='word_1_57' title='bbox 208 1387 369 1449; x_wconf 83' lang='lat' dir='ltr'><strong>convenit.</strong></span> 
     </span>
    </p>

    <p class='ocr_par' dir='ltr' id='par_1_4' title="bbox 111 1506 1663 1847">
     <span class='ocr_line' id='line_1_8' title="bbox 111 1506 1663 1597; baseline 0.005 -32"><span class='ocrx_word' id='word_1_58' title='bbox 111 1511 185 1566; x_wconf 79' lang='lat' dir='ltr'><strong>nu</strong></span> <span class='ocrx_word' id='word_1_59' title='bbox 314 1506 375 1570; x_wconf 87' lang='lat' dir='ltr'><strong>Est</strong></span> <span class='ocrx_word' id='word_1_60' title='bbox 397 1515 473 1572; x_wconf 87' lang='lat' dir='ltr'><strong>nota</strong></span> <span class='ocrx_word' id='word_1_61' title='bbox 495 1507 756 1596; x_wconf 76' lang='lat' dir='ltr'><strong>historiographi,</strong></span> <span class='ocrx_word' id='word_1_62' title='bbox 784 1511 877 1576; x_wconf 87' lang='lat' dir='ltr'><strong>cuins</strong></span> <span class='ocrx_word' id='word_1_63' title='bbox 900 1511 1028 1597; x_wconf 85' lang='lat' dir='ltr'><strong>scriptis</strong></span> <span class='ocrx_word' id='word_1_64' title='bbox 1051 1509 1127 1574; x_wconf 87' lang='lat' dir='ltr'><strong>libri</strong></span> <span class='ocrx_word' id='word_1_65' title='bbox 1149 1519 1262 1576; x_wconf 78' lang='lat' dir='ltr'><strong>auctor</strong></span> <span class='ocrx_word' id='word_1_66' title='bbox 1284 1531 1362 1574; x_wconf 81' lang='lat' dir='ltr'><strong>nsua</strong></span> <span class='ocrx_word' id='word_1_67' title='bbox 1386 1519 1444 1573; x_wconf 86' lang='lat' dir='ltr'><strong>est.</strong></span> <span class='ocrx_word' id='word_1_68' title='bbox 1491 1510 1588 1575; x_wconf 88' lang='lat' dir='ltr'><strong>Luc:</strong></span> <span class='ocrx_word' id='word_1_69' title='bbox 1616 1512 1663 1572; x_wconf 78' lang='lat' dir='ltr'><strong>aci</strong></span> 
     </span>
     <span class='ocr_line' id='line_1_9' title="bbox 207 1629 1662 1724; baseline 0.007 -36"><span class='ocrx_word' id='word_1_70' title='bbox 207 1630 384 1708; x_wconf 73' lang='grc' dir='ltr'>Μεμφιβυὶαλ</span> <span class='ocrx_word' id='word_1_71' title='bbox 405 1633 498 1707; x_wconf 77' lang='grc' dir='ltr'>ἤσθιεν</span> <span class='ocrx_word' id='word_1_72' title='bbox 522 1629 625 1716; x_wconf 84' lang='lat' dir='ltr'><strong>(legas</strong></span> <span class='ocrx_word' id='word_1_73' title='bbox 652 1631 750 1718; x_wconf 75' lang='grc' dir='ltr'>ἐσθίει)</span> <span class='ocrx_word' id='word_1_74' title='bbox 778 1632 823 1695; x_wconf 79' lang='grc' dir='ltr'><strong>ἐπὶ</strong></span> <span class='ocrx_word' id='word_1_75' title='bbox 849 1641 898 1712; x_wconf 68' lang='grc' dir='ltr'><strong>τῆς</strong></span> <span class='ocrx_word' id='word_1_76' title='bbox 928 1637 1066 1717; x_wconf 83' lang='grc' dir='ltr'>τραπέζης</span> <span class='ocrx_word' id='word_1_77' title='bbox 1096 1643 1144 1696; x_wconf 82' lang='grc' dir='ltr'><strong>τοῦ</strong></span> <span class='ocrx_word' id='word_1_78' title='bbox 1174 1634 1326 1712; x_wconf 80' lang='grc' dir='ltr'>βασιλέως,</span> <span class='ocrx_word' id='word_1_79' title='bbox 1355 1631 1447 1716; x_wconf 86' lang='lat' dir='ltr'><strong>legas</strong></span> <span class='ocrx_word' id='word_1_80' title='bbox 1478 1654 1555 1717; x_wconf 89' lang='lat' dir='ltr'><strong>ergo</strong></span> <span class='ocrx_word' id='word_1_81' title='bbox 1585 1633 1662 1724; x_wconf 57' lang='grc' dir='ltr'><strong>μὴν)</strong></span> 
     </span>
     <span class='ocr_line' id='line_1_10' title="bbox 203 1749 1313 1847; baseline 0.003 -32"><span class='ocrx_word' id='word_1_82' title='bbox 203 1749 293 1836; x_wconf 52' lang='lat' dir='ltr'><strong>aba}</strong></span> <span class='ocrx_word' id='word_1_83' title='bbox 315 1773 373 1837; x_wconf 90' lang='lat' dir='ltr'><strong>pro</strong></span> <span class='ocrx_word' id='word_1_84' title='bbox 396 1751 486 1844; x_wconf 50' lang='lat' dir='ltr'><strong>’pepp</strong></span> <span class='ocrx_word' id='word_1_85' title='bbox 511 1751 815 1839; x_wconf 76' lang='lat' dir='ltr'><strong>(cod.Kenn.182:</strong></span> <span class='ocrx_word' id='word_1_86' title='bbox 839 1753 953 1847; x_wconf 52' lang='lat' dir='ltr'><strong>eppe),</strong></span> <span class='ocrx_word' id='word_1_87' title='bbox 977 1755 1018 1820; x_wconf 85' lang='lat' dir='ltr'><strong>cf.</strong></span> <span class='ocrx_word' id='word_1_88' title='bbox 1035 1754 1079 1840; x_wconf 63' lang='lat' dir='ltr'><strong>S„</strong></span> <span class='ocrx_word' id='word_1_89' title='bbox 1103 1755 1186 1840; x_wconf 64' lang='lat' dir='ltr'><strong>Syr„</strong></span> <span class='ocrx_word' id='word_1_90' title='bbox 1211 1754 1313 1820; x_wconf 85' lang='lat' dir='ltr'><strong>Arab.</strong></span> 
     </span>
    </p>

    <p class='ocr_par' dir='ltr' id='par_1_5' title="bbox 116 1873 1220 1963">
     <span class='ocr_line' id='line_1_11' title="bbox 116 1873 1220 1963; baseline 0.008 -30"><span class='ocrx_word' id='word_1_91' title='bbox 116 1879 156 1933; x_wconf 77' lang='lat'><strong>12</strong></span> <span class='ocrx_word' id='word_1_92' title='bbox 314 1874 409 1940; x_wconf 85' lang='lat' dir='ltr'><strong>Luc:</strong></span> <span class='ocrx_word' id='word_1_93' title='bbox 432 1873 552 1958; x_wconf 78' lang='grc' dir='ltr'>κατῴκει</span> <span class='ocrx_word' id='word_1_94' title='bbox 576 1874 679 1962; x_wconf 82' lang='lat' dir='ltr'><strong>(legas</strong></span> <span class='ocrx_word' id='word_1_95' title='bbox 701 1875 838 1963; x_wconf 76' lang='grc' dir='ltr'>κατοικεῖ)</span> <span class='ocrx_word' id='word_1_96' title='bbox 862 1887 893 1942; x_wconf 88' lang='lat' dir='ltr'><strong>et</strong></span> <span class='ocrx_word' id='word_1_97' title='bbox 917 1880 995 1955; x_wconf 74' lang='grc' dir='ltr'>ἤσθιε</span> <span class='ocrx_word' id='word_1_98' title='bbox 1019 1877 1095 1963; x_wconf 88' lang='lat' dir='ltr'><strong>(leg.</strong></span> <span class='ocrx_word' id='word_1_99' title='bbox 1113 1876 1220 1962; x_wconf 78' lang='grc' dir='ltr'><strong>ἐσθίει).</strong></span> 
     </span>
    </p>
   </div>
   <div class='ocr_carea' id='block_1_3' title="bbox 802 2172 1069 2250">
    <p class='ocr_par' dir='ltr' id='par_1_6' title="bbox 802 2172 1069 2250">
     <span class='ocr_line' id='line_1_12' title="bbox 802 2172 1069 2250; baseline -0.011 0"><span class='ocrx_word' id='word_1_100' title='bbox 802 2172 976 2250; x_wconf 80' lang='lat' dir='ltr'><strong>CAPUT</strong></span> <span class='ocrx_word' id='word_1_101' title='bbox 1008 2173 1069 2248; x_wconf 89' lang='lat' dir='ltr'><strong>X.¹</strong></span> 
     </span>
    </p>
   </div>
   <div class='ocr_carea' id='block_1_4' title="bbox 132 2362 1663 5152">
    <p class='ocr_par' dir='ltr' id='par_1_7' title="bbox 140 2362 1662 2574">
     <span class='ocr_line' id='line_1_13' title="bbox 140 2362 1662 2457; baseline 0.001 -28"><span class='ocrx_word' id='word_1_102' title='bbox 140 2375 154 2429; x_wconf 86' lang='grc'>1</span> <span class='ocrx_word' id='word_1_103' title='bbox 312 2362 391 2427; x_wconf 86' lang='lat' dir='ltr'><strong>Post</strong></span> <span class='ocrx_word' id='word_1_104' title='bbox 409 2381 472 2454; x_wconf 68' lang='lat' dir='ltr'><strong>app</strong></span> <span class='ocrx_word' id='word_1_105' title='bbox 492 2363 616 2428; x_wconf 80' lang='lat' dir='ltr'><strong>excidit</strong></span> <span class='ocrx_word' id='word_1_106' title='bbox 636 2363 686 2449; x_wconf 88' lang='lat' dir='ltr'><strong>(ut</strong></span> <span class='ocrx_word' id='word_1_107' title='bbox 705 2387 747 2429; x_wconf 87' lang='lat' dir='ltr'><strong>ex</strong></span> <span class='ocrx_word' id='word_1_108' title='bbox 769 2366 784 2427; x_wconf 95' lang='lat' dir='ltr'><strong>l</strong></span> <span class='ocrx_word' id='word_1_109' title='bbox 803 2367 876 2430; x_wconf 89' lang='lat' dir='ltr'><strong>Par.</strong></span> <span class='ocrx_word' id='word_1_110' title='bbox 893 2367 940 2450; x_wconf 87' lang='lat'><strong>19,</strong></span> <span class='ocrx_word' id='word_1_111' title='bbox 957 2367 973 2428; x_wconf 92' lang='lat'>1</span> <span class='ocrx_word' id='word_1_112' title='bbox 992 2364 1110 2450; x_wconf 89' lang='lat' dir='ltr'><strong>elucet)</strong></span> <span class='ocrx_word' id='word_1_113' title='bbox 1130 2387 1248 2430; x_wconf 92' lang='lat' dir='ltr'><strong>nomen</strong></span> <span class='ocrx_word' id='word_1_114' title='bbox 1269 2378 1325 2457; x_wconf 66' lang='lat' dir='ltr'><strong>rtrpp</strong></span> <span class='ocrx_word' id='word_1_115' title='bbox 1342 2395 1384 2420; x_wconf 92' lang='lat'><strong>==</strong></span> <span class='ocrx_word' id='word_1_116' title='bbox 1399 2369 1479 2439; x_wconf 82' lang='grc' dir='ltr'>Ναάς</span> <span class='ocrx_word' id='word_1_117' title='bbox 1495 2365 1580 2452; x_wconf 84' lang='lat' dir='ltr'><strong>(cod.</strong></span> <span class='ocrx_word' id='word_1_118' title='bbox 1593 2364 1662 2451; x_wconf 73' lang='lat'>52).</span> 
     </span>
     <span class='ocr_line' id='line_1_14' title="bbox 201 2484 1228 2574; baseline 0.005 -26"><span class='ocrx_word' id='word_1_119' title='bbox 201 2485 271 2548; x_wconf 90' lang='lat' dir='ltr'><strong>Pro</strong></span> <span class='ocrx_word' id='word_1_120' title='bbox 295 2504 348 2574; x_wconf 68' lang='lat' dir='ltr'><strong>pap</strong></span> <span class='ocrx_word' id='word_1_121' title='bbox 370 2485 451 2550; x_wconf 91' lang='lat' dir='ltr'><strong>Luc.</strong></span> <span class='ocrx_word' id='word_1_122' title='bbox 468 2484 567 2550; x_wconf 90' lang='lat' dir='ltr'><strong>habet</strong></span> <span class='ocrx_word' id='word_1_123' title='bbox 589 2486 690 2566; x_wconf 75' lang='grc' dir='ltr'>Ἄνναν,</span> <span class='ocrx_word' id='word_1_124' title='bbox 714 2487 784 2551; x_wconf 91' lang='lat' dir='ltr'><strong>cod.</strong></span> <span class='ocrx_word' id='word_1_125' title='bbox 798 2487 840 2551; x_wconf 91' lang='lat' dir='ltr'><strong>B:</strong></span> <span class='ocrx_word' id='word_1_126' title='bbox 864 2488 971 2569; x_wconf 83' lang='grc' dir='ltr'>Ἀννὼν,</span> <span class='ocrx_word' id='word_1_127' title='bbox 995 2487 1066 2552; x_wconf 92' lang='lat' dir='ltr'><strong>cod.</strong></span> <span class='ocrx_word' id='word_1_128' title='bbox 1082 2487 1127 2552; x_wconf 92' lang='lat' dir='ltr'><strong>A:</strong></span> <span class='ocrx_word' id='word_1_129' title='bbox 1151 2487 1228 2553; x_wconf 82' lang='grc' dir='ltr'><strong>Ἀών.</strong></span> 
     </span>
    </p>

    <p class='ocr_par' dir='ltr' id='par_1_8' title="bbox 135 2607 1662 2937">
     <span class='ocr_line' id='line_1_15' title="bbox 135 2607 1662 2695; baseline 0 -21"><span class='ocrx_word' id='word_1_130' title='bbox 135 2619 155 2674; x_wconf 75' lang='lat'>2</span> <span class='ocrx_word' id='word_1_131' title='bbox 312 2607 418 2693; x_wconf 88' lang='lat' dir='ltr'><strong>Paseq</strong></span> <span class='ocrx_word' id='word_1_132' title='bbox 448 2607 534 2672; x_wconf 88' lang='lat' dir='ltr'><strong>linea</strong></span> <span class='ocrx_word' id='word_1_133' title='bbox 563 2608 693 2673; x_wconf 88' lang='lat' dir='ltr'><strong>videtur</strong></span> <span class='ocrx_word' id='word_1_134' title='bbox 722 2608 851 2674; x_wconf 89' lang='lat' dir='ltr'><strong>lectoris</strong></span> <span class='ocrx_word' id='word_1_135' title='bbox 881 2613 1023 2675; x_wconf 89' lang='lat' dir='ltr'><strong>animum</strong></span> <span class='ocrx_word' id='word_1_136' title='bbox 1053 2609 1224 2675; x_wconf 83' lang='lat' dir='ltr'><strong>advertere</strong></span> <span class='ocrx_word' id='word_1_137' title='bbox 1251 2609 1294 2675; x_wconf 85' lang='lat' dir='ltr'><strong>ad</strong></span> <span class='ocrx_word' id='word_1_138' title='bbox 1317 2618 1543 2695; x_wconf 80' lang='lat' dir='ltr'><strong>argumentum</strong></span> <span class='ocrx_word' id='word_1_139' title='bbox 1565 2610 1662 2675; x_wconf 88' lang='lat' dir='ltr'><strong>huius</strong></span> 
     </span>
     <span class='ocr_line' id='line_1_16' title="bbox 205 2729 1662 2815; baseline 0.003 -23"><span class='ocrx_word' id='word_1_140' title='bbox 205 2751 332 2814; x_wconf 83' lang='lat' dir='ltr'><strong>versus,</strong></span> <span class='ocrx_word' id='word_1_141' title='bbox 353 2729 491 2815; x_wconf 90' lang='lat' dir='ltr'><strong>quiade</strong></span> <span class='ocrx_word' id='word_1_142' title='bbox 511 2729 633 2795; x_wconf 88' lang='lat' dir='ltr'><strong>Nabasi</strong></span> <span class='ocrx_word' id='word_1_143' title='bbox 652 2734 685 2796; x_wconf 90' lang='lat' dir='ltr'><strong>iu</strong></span> <span class='ocrx_word' id='word_1_144' title='bbox 705 2732 869 2797; x_wconf 80' lang='lat' dir='ltr'><strong>Davidem</strong></span> <span class='ocrx_word' id='word_1_145' title='bbox 890 2733 1117 2798; x_wconf 86' lang='lat' dir='ltr'><strong>benevolentia</strong></span> <span class='ocrx_word' id='word_1_146' title='bbox 1135 2732 1217 2796; x_wconf 91' lang='lat' dir='ltr'><strong>nihil</strong></span> <span class='ocrx_word' id='word_1_147' title='bbox 1237 2731 1375 2797; x_wconf 88' lang='lat' dir='ltr'><strong>relatum</strong></span> <span class='ocrx_word' id='word_1_148' title='bbox 1395 2741 1452 2796; x_wconf 82' lang='lat' dir='ltr'><strong>eet.</strong></span> <span class='ocrx_word' id='word_1_149' title='bbox 1488 2732 1537 2798; x_wconf 82' lang='lat' dir='ltr'><strong>Of.</strong></span> <span class='ocrx_word' id='word_1_150' title='bbox 1555 2741 1662 2796; x_wconf 88' lang='lat' dir='ltr'><strong>tamen</strong></span> 
     </span>
     <span class='ocr_line' id='line_1_17' title="bbox 207 2850 448 2937; baseline 0.025 -25"><span class='ocrx_word' id='word_1_151' title='bbox 207 2851 331 2916; x_wconf 86' lang='lat' dir='ltr'><strong>lSam.</strong></span> <span class='ocrx_word' id='word_1_152' title='bbox 348 2850 400 2937; x_wconf 81' lang='lat'><strong>22,</strong></span> <span class='ocrx_word' id='word_1_153' title='bbox 417 2851 448 2918; x_wconf 90' lang='grc'><strong>3.</strong></span> 
     </span>
    </p>

    <p class='ocr_par' dir='ltr' id='par_1_9' title="bbox 132 2974 1663 3435">
     <span class='ocr_line' id='line_1_18' title="bbox 132 2974 1663 3064; baseline 0.001 -24"><span class='ocrx_word' id='word_1_154' title='bbox 132 2985 153 3040; x_wconf 83' lang='grc'>3</span> <span class='ocrx_word' id='word_1_155' title='bbox 313 2974 377 3038; x_wconf 91' lang='lat' dir='ltr'><strong>Pro</strong></span> <span class='ocrx_word' id='word_1_156' title='bbox 398 2993 499 3062; x_wconf 59' lang='lat' dir='ltr'><strong>maan</strong></span> <span class='ocrx_word' id='word_1_157' title='bbox 525 2999 585 3062; x_wconf 80' lang='lat' dir='ltr'><strong>„an</strong></span> <span class='ocrx_word' id='word_1_158' title='bbox 608 2977 746 3042; x_wconf 90' lang='lat' dir='ltr'><strong>honores</strong></span> <span class='ocrx_word' id='word_1_159' title='bbox 769 2977 947 3044; x_wconf 86' lang='lat' dir='ltr'><strong>tributurus</strong></span> <span class='ocrx_word' id='word_1_160' title='bbox 972 2977 1070 3064; x_wconf 89' lang='lat' dir='ltr'><strong>(patri</strong></span> <span class='ocrx_word' id='word_1_161' title='bbox 1093 2976 1181 3064; x_wconf 85' lang='lat' dir='ltr'><strong>tuo)“</strong></span> <span class='ocrx_word' id='word_1_162' title='bbox 1211 2977 1300 3063; x_wconf 88' lang='lat' dir='ltr'><strong>legas</strong></span> <span class='ocrx_word' id='word_1_163' title='bbox 1328 2997 1428 3063; x_wconf 59' lang='lat' dir='ltr'><strong>uam</strong></span> <span class='ocrx_word' id='word_1_164' title='bbox 1460 2999 1556 3063; x_wconf 79' lang='lat' dir='ltr'><strong>„num</strong></span> <span class='ocrx_word' id='word_1_165' title='bbox 1587 2979 1663 3062; x_wconf 88' lang='lat' dir='ltr'><strong>quia</strong></span> 
     </span>
     <span class='ocr_line' id='line_1_19' title="bbox 205 3095 1661 3184; baseline 0 -24"><span class='ocrx_word' id='word_1_166' title='bbox 205 3096 366 3162; x_wconf 87' lang='lat' dir='ltr'><strong>honorare</strong></span> <span class='ocrx_word' id='word_1_167' title='bbox 396 3095 541 3162; x_wconf 76' lang='lat' dir='ltr'><strong>voluit?“</strong></span> <span class='ocrx_word' id='word_1_168' title='bbox 595 3099 643 3165; x_wconf 84' lang='lat' dir='ltr'><strong>S.:</strong></span> <span class='ocrx_word' id='word_1_169' title='bbox 673 3103 711 3179; x_wconf 82' lang='grc' dir='ltr'><strong>μὴ</strong></span> <span class='ocrx_word' id='word_1_170' title='bbox 741 3103 815 3184; x_wconf 78' lang='grc' dir='ltr'>παρὰ</span> <span class='ocrx_word' id='word_1_171' title='bbox 844 3104 876 3163; x_wconf 76' lang='lat' dir='ltr'><strong>ab</strong></span> <span class='ocrx_word' id='word_1_172' title='bbox 908 3100 1045 3182; x_wconf 65' lang='grc' dir='ltr'>δοξάζειν,</span> <span class='ocrx_word' id='word_1_173' title='bbox 1078 3101 1126 3166; x_wconf 83' lang='lat' dir='ltr'><strong>S.:</strong></span> <span class='ocrx_word' id='word_1_174' title='bbox 1158 3101 1218 3181; x_wconf 78' lang='grc' dir='ltr'><strong>οὐχὶ</strong></span> <span class='ocrx_word' id='word_1_175' title='bbox 1249 3099 1372 3174; x_wconf 75' lang='grc' dir='ltr'>δοξάζων</span> <span class='ocrx_word' id='word_1_176' title='bbox 1396 3150 1404 3162; x_wconf 94' lang='grc'><strong>.</strong></span> <span class='ocrx_word' id='word_1_177' title='bbox 1426 3147 1434 3161; x_wconf 89' lang='grc'><strong>.</strong></span> <span class='ocrx_word' id='word_1_178' title='bbox 1457 3148 1464 3160; x_wconf 95' lang='grc'><strong>.</strong></span> <span class='ocrx_word' id='word_1_179' title='bbox 1488 3101 1556 3162; x_wconf 79' lang='grc' dir='ltr'><strong>ἀλλ’</strong></span> <span class='ocrx_word' id='word_1_180' title='bbox 1586 3103 1661 3173; x_wconf 75' lang='grc' dir='ltr'>ὅπως</span> 
     </span>
     <span class='ocr_line' id='line_1_20' title="bbox 206 3216 1660 3312; baseline -0.002 -24"><span class='ocrx_word' id='word_1_181' title='bbox 206 3217 265 3303; x_wconf 83' lang='grc'><strong>(·-</strong></span> <span class='ocrx_word' id='word_1_182' title='bbox 287 3216 385 3305; x_wconf 60' lang='lat' dir='ltr'><strong>aba).</strong></span> <span class='ocrx_word' id='word_1_183' title='bbox 421 3219 568 3285; x_wconf 81' lang='lat' dir='ltr'><strong>Verbum</strong></span> <span class='ocrx_word' id='word_1_184' title='bbox 591 3219 704 3312; x_wconf 57' lang='lat' dir='ltr'><strong>apppbt</strong></span> <span class='ocrx_word' id='word_1_185' title='bbox 728 3223 844 3308; x_wconf 84' lang='lat' dir='ltr'><strong>„etad</strong></span> <span class='ocrx_word' id='word_1_186' title='bbox 868 3221 1077 3287; x_wconf 88' lang='lat' dir='ltr'><strong>evertendam</strong></span> <span class='ocrx_word' id='word_1_187' title='bbox 1101 3222 1192 3287; x_wconf 86' lang='lat' dir='ltr'><strong>eam“</strong></span> <span class='ocrx_word' id='word_1_188' title='bbox 1214 3222 1296 3286; x_wconf 88' lang='lat' dir='ltr'><strong>Luc.</strong></span> <span class='ocrx_word' id='word_1_189' title='bbox 1313 3230 1345 3286; x_wconf 87' lang='lat' dir='ltr'><strong>et</strong></span> <span class='ocrx_word' id='word_1_190' title='bbox 1360 3221 1392 3286; x_wconf 88' lang='lat' dir='ltr'><strong>S.</strong></span> <span class='ocrx_word' id='word_1_191' title='bbox 1409 3231 1540 3286; x_wconf 89' lang='lat' dir='ltr'><strong>vertunt</strong></span> <span class='ocrx_word' id='word_1_192' title='bbox 1560 3220 1660 3286; x_wconf 89' lang='lat' dir='ltr'><strong>verbo</strong></span> 
     </span>
     <span class='ocr_line' id='line_1_21' title="bbox 204 3343 1327 3435; baseline 0.005 -33"><span class='ocrx_word' id='word_1_193' title='bbox 204 3346 442 3422; x_wconf 61' lang='lat' dir='ltr'><strong>manutenebat.</strong></span> <span class='ocrx_word' id='word_1_194' title='bbox 488 3344 552 3410; x_wconf 92' lang='lat' dir='ltr'><strong>Pro</strong></span> <span class='ocrx_word' id='word_1_195' title='bbox 574 3364 645 3435; x_wconf 63' lang='lat' dir='ltr'><strong>&#39;turp</strong></span> <span class='ocrx_word' id='word_1_196' title='bbox 669 3345 814 3410; x_wconf 90' lang='lat' dir='ltr'><strong>nonnulli</strong></span> <span class='ocrx_word' id='word_1_197' title='bbox 837 3345 908 3410; x_wconf 90' lang='lat' dir='ltr'><strong>cod.</strong></span> <span class='ocrx_word' id='word_1_198' title='bbox 925 3345 1061 3410; x_wconf 91' lang='lat' dir='ltr'><strong>habent:</strong></span> <span class='ocrx_word' id='word_1_199' title='bbox 1084 3365 1160 3435; x_wconf 62' lang='grc' dir='ltr'><strong>ῃῃζν</strong></span> <span class='ocrx_word' id='word_1_200' title='bbox 1185 3344 1240 3428; x_wconf 89' lang='lat' dir='ltr'><strong>(de</strong></span> <span class='ocrx_word' id='word_1_201' title='bbox 1263 3343 1327 3428; x_wconf 78' lang='grc' dir='ltr'><strong>Β.)</strong></span> 
     </span>
    </p>

    <p class='ocr_par' dir='ltr' id='par_1_10' title="bbox 132 3463 1661 3674">
     <span class='ocr_line' id='line_1_22' title="bbox 132 3463 1661 3554; baseline 0.001 -22"><span class='ocrx_word' id='word_1_202' title='bbox 132 3478 155 3532; x_wconf 78' lang='grc'><strong>4</strong></span> <span class='ocrx_word' id='word_1_203' title='bbox 315 3483 420 3549; x_wconf 59' lang='lat' dir='ltr'><strong>’myas</strong></span> <span class='ocrx_word' id='word_1_204' title='bbox 449 3466 587 3530; x_wconf 81' lang='lat' dir='ltr'><strong>Lucet</strong></span> <span class='ocrx_word' id='word_1_205' title='bbox 616 3465 647 3532; x_wconf 87' lang='lat' dir='ltr'><strong>S.</strong></span> <span class='ocrx_word' id='word_1_206' title='bbox 673 3469 824 3532; x_wconf 87' lang='lat' dir='ltr'><strong>omittunt</strong></span> <span class='ocrx_word' id='word_1_207' title='bbox 853 3466 909 3554; x_wconf 87' lang='lat' dir='ltr'><strong>(cf.</strong></span> <span class='ocrx_word' id='word_1_208' title='bbox 936 3469 950 3528; x_wconf 96' lang='lat' dir='ltr'><strong>l</strong></span> <span class='ocrx_word' id='word_1_209' title='bbox 977 3468 1050 3531; x_wconf 90' lang='lat' dir='ltr'><strong>Par.</strong></span> <span class='ocrx_word' id='word_1_210' title='bbox 1078 3465 1127 3550; x_wconf 90' lang='grc'><strong>19,</strong></span> <span class='ocrx_word' id='word_1_211' title='bbox 1150 3464 1195 3552; x_wconf 91' lang='grc'><strong>4).</strong></span> <span class='ocrx_word' id='word_1_212' title='bbox 1249 3466 1287 3529; x_wconf 93' lang='lat' dir='ltr'><strong>In</strong></span> <span class='ocrx_word' id='word_1_213' title='bbox 1315 3466 1380 3530; x_wconf 87' lang='lat' dir='ltr'><strong>fine</strong></span> <span class='ocrx_word' id='word_1_214' title='bbox 1410 3464 1559 3551; x_wconf 86' lang='lat' dir='ltr'><strong>suppleas</strong></span> <span class='ocrx_word' id='word_1_215' title='bbox 1590 3463 1661 3552; x_wconf 62' lang='lat' dir='ltr'><strong>tssfft</strong></span> 
     </span>
     <span class='ocr_line' id='line_1_23' title="bbox 206 3585 642 3674; baseline 0.011 -27"><span class='ocrx_word' id='word_1_216' title='bbox 206 3585 266 3670; x_wconf 91' lang='lat'><strong>(=</strong></span> <span class='ocrx_word' id='word_1_217' title='bbox 292 3587 398 3653; x_wconf 86' lang='lat' dir='ltr'><strong>lPar.</strong></span> <span class='ocrx_word' id='word_1_218' title='bbox 418 3587 503 3673; x_wconf 78' lang='lat'><strong>19,5</strong></span> <span class='ocrx_word' id='word_1_219' title='bbox 526 3586 642 3674; x_wconf 85' lang='lat' dir='ltr'><strong>initio).</strong></span> 
     </span>
    </p>

    <p class='ocr_par' dir='ltr' id='par_1_11' title="bbox 132 3708 1660 3915">
     <span class='ocr_line' id='line_1_24' title="bbox 132 3708 1660 3802; baseline -0.004 -26"><span class='ocrx_word' id='word_1_220' title='bbox 132 3723 153 3776; x_wconf 76' lang='lat'>5</span> <span class='ocrx_word' id='word_1_221' title='bbox 313 3709 391 3774; x_wconf 83' lang='lat' dir='ltr'><strong>Post</strong></span> <span class='ocrx_word' id='word_1_222' title='bbox 416 3709 486 3798; x_wconf 57' lang='lat' dir='ltr'><strong>mh</strong></span> <span class='ocrx_word' id='word_1_223' title='bbox 510 3710 660 3798; x_wconf 79' lang='lat' dir='ltr'><strong>suppleas</strong></span> <span class='ocrx_word' id='word_1_224' title='bbox 687 3708 850 3802; x_wconf 54' lang='lat' dir='ltr'><strong>ntupum-br</strong></span> <span class='ocrx_word' id='word_1_225' title='bbox 878 3741 920 3766; x_wconf 94' lang='lat'><strong><em>=</em></strong></span> <span class='ocrx_word' id='word_1_226' title='bbox 947 3712 1010 3794; x_wconf 80' lang='grc' dir='ltr'>περὶ</span> <span class='ocrx_word' id='word_1_227' title='bbox 1035 3719 1091 3774; x_wconf 84' lang='grc' dir='ltr'><strong>τῶν</strong></span> <span class='ocrx_word' id='word_1_228' title='bbox 1119 3713 1225 3794; x_wconf 83' lang='grc' dir='ltr'>ἀνδρῶν</span> <span class='ocrx_word' id='word_1_229' title='bbox 1253 3708 1358 3795; x_wconf 85' lang='lat' dir='ltr'><strong>(Luc,</strong></span> <span class='ocrx_word' id='word_1_230' title='bbox 1386 3711 1436 3777; x_wconf 89' lang='lat' dir='ltr'><strong>S.:</strong></span> <span class='ocrx_word' id='word_1_231' title='bbox 1463 3713 1530 3793; x_wconf 81' lang='grc' dir='ltr'>ὑπὲρ</span> <span class='ocrx_word' id='word_1_232' title='bbox 1556 3733 1580 3772; x_wconf 84' lang='grc' dir='ltr'><strong>τ.</strong></span> <span class='ocrx_word' id='word_1_233' title='bbox 1602 3708 1660 3794; x_wconf 71' lang='grc' dir='ltr'><strong>ἀ),</strong></span> 
     </span>
     <span class='ocr_line' id='line_1_25' title="bbox 206 3831 493 3915; baseline 0.003 -19"><span class='ocrx_word' id='word_1_234' title='bbox 206 3831 250 3896; x_wconf 90' lang='lat' dir='ltr'><strong>cf.</strong></span> <span class='ocrx_word' id='word_1_235' title='bbox 270 3832 286 3892; x_wconf 86' lang='lat'>1</span> <span class='ocrx_word' id='word_1_236' title='bbox 303 3831 377 3897; x_wconf 89' lang='lat' dir='ltr'><strong>Par.</strong></span> <span class='ocrx_word' id='word_1_237' title='bbox 396 3831 446 3915; x_wconf 87' lang='lat'><strong>19,</strong></span> <span class='ocrx_word' id='word_1_238' title='bbox 462 3832 493 3897; x_wconf 86' lang='lat'><strong>5.</strong></span> 
     </span>
    </p>

    <p class='ocr_par' dir='ltr' id='par_1_12' title="bbox 134 3953 1662 5152">
     <span class='ocr_line' id='line_1_26' title="bbox 134 3953 1661 4045; baseline 0.001 -27"><span class='ocrx_word' id='word_1_239' title='bbox 134 3965 156 4019; x_wconf 79' lang='lat' dir='ltr'><strong>e</strong></span> <span class='ocrx_word' id='word_1_240' title='bbox 315 3954 377 4019; x_wconf 92' lang='lat' dir='ltr'><strong>Pro</strong></span> <span class='ocrx_word' id='word_1_241' title='bbox 400 3975 469 4044; x_wconf 64' lang='grc' dir='ltr'><strong>νην)</strong></span> <span class='ocrx_word' id='word_1_242' title='bbox 491 3956 581 4041; x_wconf 80' lang='lat' dir='ltr'><strong>legas</strong></span> <span class='ocrx_word' id='word_1_243' title='bbox 603 3976 707 4045; x_wconf 61' lang='lat' dir='ltr'><strong>utu-nr</strong></span> <span class='ocrx_word' id='word_1_244' title='bbox 731 3953 787 4041; x_wconf 91' lang='lat'><strong>(=</strong></span> <span class='ocrx_word' id='word_1_245' title='bbox 813 3956 828 4018; x_wconf 94' lang='lat'>1</span> <span class='ocrx_word' id='word_1_246' title='bbox 849 3957 925 4020; x_wconf 90' lang='lat' dir='ltr'><strong>Par.</strong></span> <span class='ocrx_word' id='word_1_247' title='bbox 949 3955 998 4041; x_wconf 90' lang='grc'><strong>19,</strong></span> <span class='ocrx_word' id='word_1_248' title='bbox 1019 3955 1068 4042; x_wconf 83' lang='grc'><strong>6);</strong></span> <span class='ocrx_word' id='word_1_249' title='bbox 1098 3956 1138 4021; x_wconf 83' lang='lat' dir='ltr'><strong>cf.</strong></span> <span class='ocrx_word' id='word_1_250' title='bbox 1160 3955 1208 4021; x_wconf 85' lang='lat' dir='ltr'><strong>S.:</strong></span> <span class='ocrx_word' id='word_1_251' title='bbox 1237 3960 1251 4016; x_wconf 77' lang='grc' dir='ltr'><strong>ὁ</strong></span> <span class='ocrx_word' id='word_1_252' title='bbox 1279 3958 1351 4028; x_wconf 60' lang='grc' dir='ltr'><strong>λαός</strong></span> <span class='ocrx_word' id='word_1_253' title='bbox 1379 3957 1480 4017; x_wconf 76' lang='grc' dir='ltr'>Δαυείδ</span> <span class='ocrx_word' id='word_1_254' title='bbox 1503 3983 1546 4007; x_wconf 83' lang='grc'><strong>--</strong></span> <span class='ocrx_word' id='word_1_255' title='bbox 1569 3974 1661 4042; x_wconf 63' lang='lat' dir='ltr'><strong>rep-up</strong></span> 
     </span>
     <span class='ocr_line' id='line_1_27' title="bbox 205 4073 1660 4168; baseline 0 -28"><span class='ocrx_word' id='word_1_256' title='bbox 205 4075 320 4161; x_wconf 86' lang='lat' dir='ltr'><strong>(Luc.:</strong></span> <span class='ocrx_word' id='word_1_257' title='bbox 347 4075 627 4162; x_wconf 61' lang='lat' dir='ltr'><strong>scortabatur</strong></span> <span class='ocrx_word' id='word_1_258' title='bbox 671 4078 735 4143; x_wconf 92' lang='lat' dir='ltr'><strong>Pro</strong></span> <span class='ocrx_word' id='word_1_259' title='bbox 763 4099 805 4164; x_wconf 65' lang='lat' dir='ltr'><strong>up</strong></span> <span class='ocrx_word' id='word_1_260' title='bbox 832 4075 928 4165; x_wconf 58' lang='lat' dir='ltr'><strong>tubes]</strong></span> <span class='ocrx_word' id='word_1_261' title='bbox 952 4077 1041 4164; x_wconf 85' lang='lat' dir='ltr'><strong>legas</strong></span> <span class='ocrx_word' id='word_1_262' title='bbox 1065 4099 1116 4164; x_wconf 64' lang='lat' dir='ltr'><strong>opt</strong></span> <span class='ocrx_word' id='word_1_263' title='bbox 1140 4099 1191 4168; x_wconf 67' lang='lat' dir='ltr'><strong>pap</strong></span> <span class='ocrx_word' id='word_1_264' title='bbox 1217 4075 1302 4164; x_wconf 59' lang='lat' dir='ltr'><strong>ubete]</strong></span> <span class='ocrx_word' id='word_1_265' title='bbox 1327 4074 1383 4162; x_wconf 89' lang='lat'><strong>(=</strong></span> <span class='ocrx_word' id='word_1_266' title='bbox 1408 4077 1424 4140; x_wconf 94' lang='lat'>1</span> <span class='ocrx_word' id='word_1_267' title='bbox 1445 4077 1520 4142; x_wconf 88' lang='lat' dir='ltr'><strong>Par.</strong></span> <span class='ocrx_word' id='word_1_268' title='bbox 1545 4075 1594 4161; x_wconf 85' lang='lat'><strong>19,</strong></span> <span class='ocrx_word' id='word_1_269' title='bbox 1616 4073 1660 4160; x_wconf 89' lang='grc'><strong>6).</strong></span> 
     </span>
     <span class='ocr_line' id='line_1_28' title="bbox 205 4196 1661 4286; baseline -0.001 -25"><span class='ocrx_word' id='word_1_270' title='bbox 205 4199 331 4262; x_wconf 81' lang='lat' dir='ltr'><strong>Textns</strong></span> <span class='ocrx_word' id='word_1_271' title='bbox 361 4198 415 4262; x_wconf 91' lang='lat' dir='ltr'><strong>hic</strong></span> <span class='ocrx_word' id='word_1_272' title='bbox 444 4197 540 4263; x_wconf 84' lang='lat' dir='ltr'><strong>valde</strong></span> <span class='ocrx_word' id='word_1_273' title='bbox 571 4209 739 4286; x_wconf 88' lang='lat' dir='ltr'><strong>corruptus</strong></span> <span class='ocrx_word' id='word_1_274' title='bbox 770 4209 829 4285; x_wconf 86' lang='lat' dir='ltr'><strong>est,</strong></span> <span class='ocrx_word' id='word_1_275' title='bbox 860 4199 918 4264; x_wconf 87' lang='lat' dir='ltr'><strong>sed</strong></span> <span class='ocrx_word' id='word_1_276' title='bbox 949 4200 1114 4265; x_wconf 88' lang='lat' dir='ltr'><strong>emendari</strong></span> <span class='ocrx_word' id='word_1_277' title='bbox 1141 4210 1247 4286; x_wconf 86' lang='lat' dir='ltr'><strong>potest</strong></span> <span class='ocrx_word' id='word_1_278' title='bbox 1274 4223 1316 4266; x_wconf 84' lang='lat' dir='ltr'><strong>ex</strong></span> <span class='ocrx_word' id='word_1_279' title='bbox 1342 4200 1448 4265; x_wconf 89' lang='lat' dir='ltr'><strong>lPar.</strong></span> <span class='ocrx_word' id='word_1_280' title='bbox 1469 4197 1518 4282; x_wconf 85' lang='lat'><strong>19,</strong></span> <span class='ocrx_word' id='word_1_281' title='bbox 1534 4197 1565 4262; x_wconf 85' lang='grc'><strong>6.</strong></span> <span class='ocrx_word' id='word_1_282' title='bbox 1610 4196 1661 4261; x_wconf 93' lang='lat' dir='ltr'><strong>Ibi</strong></span> 
     </span>
     <span class='ocr_line' id='line_1_29' title="bbox 207 4319 1661 4409; baseline -0.002 -23"><span class='ocrx_word' id='word_1_283' title='bbox 207 4321 295 4386; x_wconf 89' lang='lat' dir='ltr'><strong>enim</strong></span> <span class='ocrx_word' id='word_1_284' title='bbox 317 4331 349 4385; x_wconf 90' lang='lat' dir='ltr'><strong>et</strong></span> <span class='ocrx_word' id='word_1_285' title='bbox 371 4321 484 4387; x_wconf 88' lang='lat' dir='ltr'><strong>relatio</strong></span> <span class='ocrx_word' id='word_1_286' title='bbox 512 4323 630 4409; x_wconf 88' lang='lat' dir='ltr'><strong>partim</strong></span> <span class='ocrx_word' id='word_1_287' title='bbox 656 4333 705 4388; x_wconf 89' lang='lat' dir='ltr'><strong>est</strong></span> <span class='ocrx_word' id='word_1_288' title='bbox 732 4325 913 4389; x_wconf 83' lang='lat' dir='ltr'><strong>accuratior</strong></span> <span class='ocrx_word' id='word_1_289' title='bbox 939 4333 972 4389; x_wconf 91' lang='lat' dir='ltr'><strong>et</strong></span> <span class='ocrx_word' id='word_1_290' title='bbox 999 4333 1108 4389; x_wconf 85' lang='lat' dir='ltr'><strong>textus</strong></span> <span class='ocrx_word' id='word_1_291' title='bbox 1134 4324 1248 4389; x_wconf 88' lang='lat' dir='ltr'><strong>melius</strong></span> <span class='ocrx_word' id='word_1_292' title='bbox 1275 4332 1495 4388; x_wconf 86' lang='lat' dir='ltr'><strong>conservatus.</strong></span> <span class='ocrx_word' id='word_1_293' title='bbox 1540 4319 1661 4385; x_wconf 87' lang='lat' dir='ltr'><strong>Deleas</strong></span> 
     </span>
     <span class='ocr_line' id='line_1_30' title="bbox 207 4441 1661 4533; baseline 0 -23"><span class='ocrx_word' id='word_1_294' title='bbox 207 4455 262 4519; x_wconf 65' lang='lat' dir='ltr'><strong>rba</strong></span> <span class='ocrx_word' id='word_1_295' title='bbox 289 4441 362 4531; x_wconf 63' lang='lat' dir='ltr'><strong>&#39;Pb</strong></span> <span class='ocrx_word' id='word_1_296' title='bbox 393 4467 476 4530; x_wconf 88' lang='lat' dir='ltr'><strong>quae</strong></span> <span class='ocrx_word' id='word_1_297' title='bbox 507 4445 639 4511; x_wconf 90' lang='lat' dir='ltr'><strong>videtur</strong></span> <span class='ocrx_word' id='word_1_298' title='bbox 668 4468 738 4510; x_wconf 84' lang='lat' dir='ltr'><strong>esse</strong></span> <span class='ocrx_word' id='word_1_299' title='bbox 768 4446 863 4512; x_wconf 89' lang='lat' dir='ltr'><strong>lectio</strong></span> <span class='ocrx_word' id='word_1_300' title='bbox 894 4448 985 4511; x_wconf 89' lang='lat' dir='ltr'><strong>varia</strong></span> <span class='ocrx_word' id='word_1_301' title='bbox 1012 4469 1069 4533; x_wconf 94' lang='lat' dir='ltr'><strong>pro</strong></span> <span class='ocrx_word' id='word_1_302' title='bbox 1093 4462 1144 4514; x_wconf 79' lang='lat' dir='ltr'><strong>:nn</strong></span> <span class='ocrx_word' id='word_1_303' title='bbox 1172 4457 1235 4528; x_wconf 64' lang='lat' dir='ltr'><strong>tra,</strong></span> <span class='ocrx_word' id='word_1_304' title='bbox 1265 4444 1420 4531; x_wconf 86' lang='lat' dir='ltr'><strong>legasque</strong></span> <span class='ocrx_word' id='word_1_305' title='bbox 1442 4466 1501 4530; x_wconf 91' lang='lat' dir='ltr'><strong>pro</strong></span> <span class='ocrx_word' id='word_1_306' title='bbox 1523 4458 1575 4511; x_wconf 78' lang='lat' dir='ltr'><strong>:nu</strong></span> <span class='ocrx_word' id='word_1_307' title='bbox 1599 4455 1661 4529; x_wconf 64' lang='lat' dir='ltr'><strong>ers]</strong></span> 
     </span>
     <span class='ocr_line' id='line_1_31' title="bbox 207 4565 1662 4660; baseline 0.001 -31"><span class='ocrx_word' id='word_1_308' title='bbox 207 4587 281 4632; x_wconf 90' lang='lat' dir='ltr'><strong>cum</strong></span> <span class='ocrx_word' id='word_1_309' title='bbox 305 4567 470 4632; x_wconf 84' lang='lat' dir='ltr'><strong>chronista</strong></span> <span class='ocrx_word' id='word_1_310' title='bbox 493 4584 617 4660; x_wconf 51' lang='lat' dir='ltr'><strong>turum.</strong></span> <span class='ocrx_word' id='word_1_311' title='bbox 655 4568 694 4632; x_wconf 94' lang='lat' dir='ltr'><strong>In</strong></span> <span class='ocrx_word' id='word_1_312' title='bbox 716 4568 800 4634; x_wconf 91' lang='lat' dir='ltr'><strong>libro</strong></span> <span class='ocrx_word' id='word_1_313' title='bbox 823 4569 972 4634; x_wconf 86' lang='lat' dir='ltr'><strong>Indicum</strong></span> <span class='ocrx_word' id='word_1_314' title='bbox 997 4569 1084 4653; x_wconf 85' lang='lat'>11‚3</span> <span class='ocrx_word' id='word_1_315' title='bbox 1108 4578 1140 4632; x_wconf 86' lang='lat' dir='ltr'><strong>et</strong></span> <span class='ocrx_word' id='word_1_316' title='bbox 1162 4568 1182 4632; x_wconf 84' lang='lat'>5</span> <span class='ocrx_word' id='word_1_317' title='bbox 1206 4589 1311 4632; x_wconf 86' lang='lat' dir='ltr'><strong>sermo</strong></span> <span class='ocrx_word' id='word_1_318' title='bbox 1335 4567 1466 4653; x_wconf 90' lang='lat' dir='ltr'><strong>quidem</strong></span> <span class='ocrx_word' id='word_1_319' title='bbox 1488 4574 1520 4630; x_wconf 90' lang='lat' dir='ltr'><strong>et</strong></span> <span class='ocrx_word' id='word_1_320' title='bbox 1543 4565 1583 4630; x_wconf 91' lang='lat' dir='ltr'><strong>de</strong></span> <span class='ocrx_word' id='word_1_321' title='bbox 1606 4583 1662 4651; x_wconf 59' lang='lat' dir='ltr'><strong>pp}</strong></span> 
     </span>
     <span class='ocr_line' id='line_1_32' title="bbox 206 4685 1660 4775; baseline -0.005 -19"><span class='ocrx_word' id='word_1_322' title='bbox 206 4705 259 4756; x_wconf 78' lang='lat' dir='ltr'><strong>:te</strong></span> <span class='ocrx_word' id='word_1_323' title='bbox 282 4685 428 4774; x_wconf 85' lang='lat' dir='ltr'><strong>(regione</strong></span> <span class='ocrx_word' id='word_1_324' title='bbox 443 4688 539 4775; x_wconf 78' lang='lat' dir='ltr'><strong>Tob),</strong></span> <span class='ocrx_word' id='word_1_325' title='bbox 563 4690 620 4755; x_wconf 91' lang='lat' dir='ltr'><strong>sed</strong></span> <span class='ocrx_word' id='word_1_326' title='bbox 643 4690 724 4755; x_wconf 91' lang='lat' dir='ltr'><strong>haec</strong></span> <span class='ocrx_word' id='word_1_327' title='bbox 746 4693 855 4755; x_wconf 82' lang='lat' dir='ltr'><strong>vicina</strong></span> <span class='ocrx_word' id='word_1_328' title='bbox 877 4691 938 4756; x_wconf 89' lang='lat' dir='ltr'><strong>fuit</strong></span> <span class='ocrx_word' id='word_1_329' title='bbox 959 4701 1065 4756; x_wconf 88' lang='lat' dir='ltr'><strong>terrac</strong></span> <span class='ocrx_word' id='word_1_330' title='bbox 1085 4689 1322 4755; x_wconf 84' lang='lat' dir='ltr'><strong>Gileaditarum</strong></span> <span class='ocrx_word' id='word_1_331' title='bbox 1345 4697 1376 4753; x_wconf 92' lang='lat' dir='ltr'><strong>et</strong></span> <span class='ocrx_word' id='word_1_332' title='bbox 1391 4687 1660 4769; x_wconf 86' lang='lat' dir='ltr'><strong>Ammonitarum,</strong></span> 
     </span>
     <span class='ocr_line' id='line_1_33' title="bbox 207 4807 1661 4898; baseline -0.001 -25"><span class='ocrx_word' id='word_1_333' title='bbox 207 4832 271 4874; x_wconf 89' lang='lat' dir='ltr'><strong>non</strong></span> <span class='ocrx_word' id='word_1_334' title='bbox 294 4811 367 4874; x_wconf 90' lang='lat' dir='ltr'><strong>urbi</strong></span> <span class='ocrx_word' id='word_1_335' title='bbox 390 4811 562 4895; x_wconf 80' lang='lat' dir='ltr'><strong>Maachae3</strong></span> <span class='ocrx_word' id='word_1_336' title='bbox 592 4834 687 4898; x_wconf 92' lang='lat' dir='ltr'><strong>porro</strong></span> <span class='ocrx_word' id='word_1_337' title='bbox 718 4815 836 4878; x_wconf 88' lang='lat' dir='ltr'><strong>mirum</strong></span> <span class='ocrx_word' id='word_1_338' title='bbox 866 4823 923 4898; x_wconf 86' lang='lat' dir='ltr'><strong>est,</strong></span> <span class='ocrx_word' id='word_1_339' title='bbox 955 4835 1014 4878; x_wconf 90' lang='lat' dir='ltr'><strong>cur</strong></span> <span class='ocrx_word' id='word_1_340' title='bbox 1035 4835 1099 4877; x_wconf 92' lang='lat' dir='ltr'><strong>non</strong></span> <span class='ocrx_word' id='word_1_341' title='bbox 1123 4813 1306 4876; x_wconf 90' lang='lat' dir='ltr'><strong>nominetur</strong></span> <span class='ocrx_word' id='word_1_342' title='bbox 1328 4811 1417 4895; x_wconf 87' lang='lat' dir='ltr'><strong>regio</strong></span> <span class='ocrx_word' id='word_1_343' title='bbox 1441 4807 1512 4873; x_wconf 75' lang='lat' dir='ltr'><strong>rob</strong></span> <span class='ocrx_word' id='word_1_344' title='bbox 1535 4811 1567 4871; x_wconf 92' lang='lat' dir='ltr'><strong>in</strong></span> <span class='ocrx_word' id='word_1_345' title='bbox 1590 4807 1661 4872; x_wconf 90' lang='lat' dir='ltr'><strong>loco</strong></span> 
     </span>
     <span class='ocr_line' id='line_1_34' title="bbox 208 4930 1662 5021; baseline 0.001 -26"><span class='ocrx_word' id='word_1_346' title='bbox 208 4932 304 4996; x_wconf 89' lang='lat' dir='ltr'><strong>simili</strong></span> <span class='ocrx_word' id='word_1_347' title='bbox 326 4931 402 4997; x_wconf 93' lang='lat' dir='ltr'><strong>libri</strong></span> <span class='ocrx_word' id='word_1_348' title='bbox 423 4932 702 5020; x_wconf 87' lang='lat' dir='ltr'><strong>Paralipomenon.</strong></span> <span class='ocrx_word' id='word_1_349' title='bbox 749 4934 845 5001; x_wconf 88' lang='lat' dir='ltr'><strong>Unde</strong></span> <span class='ocrx_word' id='word_1_350' title='bbox 875 4945 951 5021; x_wconf 88' lang='lat' dir='ltr'><strong>puto</strong></span> <span class='ocrx_word' id='word_1_351' title='bbox 983 4948 1035 5012; x_wconf 63' lang='lat' dir='ltr'><strong>nra</strong></span> <span class='ocrx_word' id='word_1_352' title='bbox 1066 4943 1170 4999; x_wconf 88' lang='lat' dir='ltr'><strong>ortum</strong></span> <span class='ocrx_word' id='word_1_353' title='bbox 1201 4955 1272 4998; x_wconf 84' lang='lat' dir='ltr'><strong>esse</strong></span> <span class='ocrx_word' id='word_1_354' title='bbox 1302 4955 1345 4996; x_wconf 86' lang='lat' dir='ltr'><strong>ex</strong></span> <span class='ocrx_word' id='word_1_355' title='bbox 1374 4951 1427 5015; x_wconf 73' lang='lat' dir='ltr'><strong>rra,</strong></span> <span class='ocrx_word' id='word_1_356' title='bbox 1457 4930 1519 4994; x_wconf 87' lang='lat' dir='ltr'><strong>hoc</strong></span> <span class='ocrx_word' id='word_1_357' title='bbox 1549 4953 1591 4994; x_wconf 87' lang='lat' dir='ltr'><strong>ex</strong></span> <span class='ocrx_word' id='word_1_358' title='bbox 1621 4948 1662 4996; x_wconf 74' lang='lat' dir='ltr'><strong>ult</strong></span> 
     </span>
     <span class='ocr_line' id='line_1_35' title="bbox 208 5053 1661 5152; baseline -0.002 -34"><span class='ocrx_word' id='word_1_359' title='bbox 208 5057 411 5152; x_wconf 81' lang='lat' dir='ltr'><strong>commutatis</strong></span> <span class='ocrx_word' id='word_1_360' title='bbox 442 5055 544 5120; x_wconf 84' lang='lat' dir='ltr'><strong>literis</strong></span> <span class='ocrx_word' id='word_1_361' title='bbox 575 5057 793 5142; x_wconf 84' lang='lat' dir='ltr'><strong>sibilantibus,</strong></span> <span class='ocrx_word' id='word_1_362' title='bbox 826 5079 879 5126; x_wconf 71' lang='lat' dir='ltr'><strong>:m</strong></span> <span class='ocrx_word' id='word_1_363' title='bbox 911 5067 1018 5122; x_wconf 91' lang='lat' dir='ltr'><strong>autem</strong></span> <span class='ocrx_word' id='word_1_364' title='bbox 1049 5081 1091 5122; x_wconf 85' lang='lat' dir='ltr'><strong>ex</strong></span> <span class='ocrx_word' id='word_1_365' title='bbox 1123 5077 1172 5130; x_wconf 80' lang='lat' dir='ltr'><strong>mr</strong></span> <span class='ocrx_word' id='word_1_366' title='bbox 1202 5055 1371 5121; x_wconf 88' lang='lat' dir='ltr'><strong>metathesi</strong></span> <span class='ocrx_word' id='word_1_367' title='bbox 1407 5053 1661 5135; x_wconf 87' lang='lat' dir='ltr'><strong>consonantium,</strong></span> 
     </span>
    </p>
   </div>
   <div class='ocr_carea' id='block_1_5' title="bbox 207 5157 1663 5266">
    <p class='ocr_par' dir='ltr' id='par_1_13' title="bbox 207 5157 1663 5266">
     <span class='ocr_line' id='line_1_36' title="bbox 207 5157 1663 5266; baseline 0.002 -26"><span class='ocrx_word' id='word_1_368' title='bbox 207 5157 404 5243; x_wconf 83' lang='lat' dir='ltr'><strong>commutata</strong></span> <span class='ocrx_word' id='word_1_369' title='bbox 425 5177 519 5243; x_wconf 84' lang='lat' dir='ltr'><strong>litera</strong></span> <span class='ocrx_word' id='word_1_370' title='bbox 541 5199 561 5246; x_wconf 77' lang='lat' dir='ltr'><strong>a</strong></span> <span class='ocrx_word' id='word_1_371' title='bbox 584 5202 658 5244; x_wconf 88' lang='lat' dir='ltr'><strong>cum</strong></span> <span class='ocrx_word' id='word_1_372' title='bbox 679 5201 699 5248; x_wconf 66' lang='grc' dir='ltr'>α</span> <span class='ocrx_word' id='word_1_373' title='bbox 723 5190 755 5244; x_wconf 89' lang='lat' dir='ltr'><strong>et</strong></span> <span class='ocrx_word' id='word_1_374' title='bbox 778 5203 799 5248; x_wconf 79' lang='lat' dir='ltr'><strong>n</strong></span> <span class='ocrx_word' id='word_1_375' title='bbox 823 5202 896 5245; x_wconf 91' lang='lat' dir='ltr'><strong>oum</strong></span> <span class='ocrx_word' id='word_1_376' title='bbox 919 5201 937 5255; x_wconf 72' lang='lat' dir='ltr'><strong>r</strong></span> <span class='ocrx_word' id='word_1_377' title='bbox 959 5179 1005 5266; x_wconf 79' lang='lat' dir='ltr'><strong>(in</strong></span> <span class='ocrx_word' id='word_1_378' title='bbox 1029 5183 1188 5265; x_wconf 86' lang='lat' dir='ltr'><strong>scriptura</strong></span> <span class='ocrx_word' id='word_1_379' title='bbox 1209 5179 1366 5264; x_wconf 87' lang='lat' dir='ltr'><strong>antiqua).</strong></span> <span class='ocrx_word' id='word_1_380' title='bbox 1405 5174 1501 5242; x_wconf 90' lang='lat' dir='ltr'><strong>Unde</strong></span> <span class='ocrx_word' id='word_1_381' title='bbox 1524 5191 1576 5243; x_wconf 78' lang='lat' dir='ltr'><strong>:tn</strong></span> <span class='ocrx_word' id='word_1_382' title='bbox 1599 5185 1663 5262; x_wconf 55' lang='lat' dir='ltr'><strong>etta}</strong></span> 
     </span>
    </p>
   </div>
   <div class='ocr_carea' id='block_1_6' title="bbox 311 5435 566 5492">
    <p class='ocr_par' dir='ltr' id='par_1_14' title="bbox 311 5435 566 5492">
     <span class='ocr_line' id='line_1_37' title="bbox 311 5435 566 5492; baseline 0.008 -3"><span class='ocrx_word' id='word_1_383' title='bbox 311 5435 321 5470; x_wconf 87' lang='lat'><em>²</em></span> <span class='ocrx_word' id='word_1_384' title='bbox 340 5461 372 5484; x_wconf 88' lang='lat'><em>=</em></span> <span class='ocrx_word' id='word_1_385' title='bbox 394 5444 405 5489; x_wconf 91' lang='lat'>1</span> <span class='ocrx_word' id='word_1_386' title='bbox 423 5441 510 5491; x_wconf 74' lang='lat' dir='ltr'><strong>Parni.</strong></span> <span class='ocrx_word' id='word_1_387' title='bbox 526 5445 566 5492; x_wconf 79' lang='lat'><strong>19.</strong></span> 
     </span>
    </p>
   </div>
   <div class='ocr_carea' id='block_1_7' title="bbox 0 0 2044 6018">
    <p class='ocr_par' dir='ltr' id='par_1_15' title="bbox 0 0 2044 6018">
     <span class='ocr_line' id='line_1_38' title="bbox 0 0 2044 6018; baseline 0 0"><span class='ocrx_word' id='word_1_388' title='bbox 0 0 2044 6018; x_wconf 95' lang='lat' dir='ltr'><strong> </strong></span> 
     </span>
    </p>
   </div>
  </div>
 </body>
</html>
