4084 6024
123 739 165 794 23

127 1591 168 1647 24

126 1713 168 1768 25

127 1833 165 1891 27

128 2079 168 2134 28

132 3017 170 3072 29

126 4933 170 4989 30

123 5299 166 5354 32

798 562 811 609 1
831 559 901 611 Sam.
916 562 957 622 lt,
974 561 1086 610 23-32.
1597 547 1671 604 XLI

321 737 384 801 Pro
407 754 486 820 τμη-,ι
511 753 612 821 crespi
637 751 685 822 ηιμ
712 730 802 816 legas
830 754 904 796 cum
926 731 997 796 Kl.:
1024 751 1063 806 σν,
1084 751 1141 820 pos
1168 752 1259 820 επηη
1281 741 1366 820 nram
1391 743 1443 820 „et
1465 732 1527 819 (ut)
1550 731 1670 797 abomi-

212 861 362 924 nationes
385 857 546 922 idolorum
569 854 654 920 mala
676 852 826 941 cupido“.
873 854 971 918 Luc:
1000 857 1041 915 ὅτι
1064 855 1194 932 οἰώνισμα
1218 858 1339 939 ἁμαρτία
1362 855 1420 918 ἐστὶ
1440 858 1670 938 παραπιπρασμάς

213 980 320 1066 (legas
343 976 547 1062 οἰωνίσματος),
571 978 664 1040 σἰδινύα
685 977 732 1038 καὶ
753 976 874 1060 Θεραψὶν
897 978 996 1053 ὀδύνην
1019 977 1066 1038 καὶ
1088 979 1187 1050 πόνους
1216 979 1372 1058 ἐπάγουσιν.
1412 977 1460 1043 S.:
1485 979 1527 1039 ὅτι
1550 975 1671 1060 ἁμαρτία

213 1103 347 1180 οἰωνισμοὶ
369 1103 453 1182 ἐστιν7
476 1103 558 1176 ὀδύνη
581 1099 627 1162 καὶ
649 1103 733 1172 πόνος
757 1100 905 1181 θεραπείαν
929 1100 1075 1178 ἐπάγουσιν
1099 1097 1199 1184 (sici),
1222 1100 1395 1185 legendum
1419 1099 1549 1164 videtur
1572 1102 1670 1176 ὀδύνην

212 1223 262 1286 καὶ
281 1228 381 1297 πόνους
397 1223 524 1306 θεραρεὶν
541 1225 687 1302 ἐπάγουσιν
708 1218 792 1308 (cod.
810 1219 899 1306 245),
922 1242 1005 1306 quae
1029 1223 1214 1287 coniectura
1237 1225 1341 1309 potius
1365 1231 1414 1287 cst
1436 1243 1532 1308 quam
1552 1223 1669 1286 versio.

213 1347 254 1411 In
275 1347 339 1411 fine
354 1345 387 1411 S.
403 1345 451 1432 (et
464 1343 561 1428 Luc.)
578 1343 712 1408 habent:
735 1345 782 1405 asi
806 1341 983 1418 ἐξουδενώσει
1007 1366 1038 1406 σε
1060 1347 1152 1426 κύριος
1176 1346 1214 1423 μὴ
1239 1342 1307 1407 εἶναι
1331 1346 1451 1421 βασιλέα
1474 1345 1518 1407 ἐπὶ
1540 1343 1668 1426 Ἰσραήλ.

214 1469 375 1555 Suppleas
398 1487 461 1554 ιηηξ
483 1475 558 1532 ante
581 1465 674 1554 ηύηη,
697 1475 820 1530 utnon
843 1467 939 1552 pauci
961 1465 1089 1530 codices
1112 1465 1243 1532 habent.

321 1590 403 1654 Luc.
416 1597 488 1675 post
502 1591 652 1670 ἡμάρτηκα
667 1587 775 1652 addit:
791 1589 905 1649 ἐνώπιον
920 1589 1013 1670 κυρίου
1026 1586 1206 1674 (maneb),
1222 1611 1305 1674 quae
1322 1589 1451 1654 videtur
1466 1611 1536 1654 esse
1552 1587 1669 1671 glossa.

322 1710 361 1776 In
380 1711 444 1776 linc
464 1708 616 1796 suppleas
635 1707 729 1796 ηἠύη
749 1708 805 1794 (=
824 1709 863 1790 τῷ
884 1709 940 1790 θεῷ
961 1707 1033 1794 σου),
1050 1718 1086 1775 ut
1107 1710 1177 1774 cod.
1193 1711 1300 1776 Kenn.
1319 1711 1359 1774 89
1376 1721 1408 1776 ct
1423 1710 1487 1774 294
1503 1710 1669 1774 exhibent.

321 1833 402 1898 Luc.
427 1829 473 1918 (et
495 1831 643 1896 similiter
665 1828 728 1915 S.):
756 1831 803 1892 rai
826 1832 982 1914 ἀπέστρεψε
1010 1834 1145 1910 Σαμουὴλ
1176 1836 1211 1895 τύ
1240 1838 1417 1916 πρόσωπον
1447 1837 1558 1917 αὐτοῦ,
1588 1855 1671 1919 quae

214 1964 265 2019 est
287 1956 394 2019 versio
422 1952 533 2018 libera.
579 1955 658 2018 Post
679 1973 753 2040 pipp
778 1951 867 2037 legas
895 1952 1078 2018 subiectum
1100 1955 1174 2044 ’ννκψ
1197 1985 1239 2008 =
1264 1955 1307 2038 S.5
1335 1956 1428 2039 Luc,
1457 1955 1541 2040 Syr„
1569 1954 1669 2020 Arab.

322 2079 417 2164 ὀιιηψξ
445 2085 494 2140 est
520 2075 628 2160 glossa
655 2083 691 2139 ut
718 2077 772 2136 ἀπο
800 2075 917 2157 Ἰσραήλ
945 2075 991 2160 (S.
1014 2085 1046 2140 et
1069 2075 1179 2160 Luc.);
1211 2100 1268 2162 pro
1294 2076 1410 2166 πνενψηη
1432 2078 1522 2162 legas
1545 2074 1671 2165 sppbpn

216 2222 375 2284 „regnum
398 2195 521 2263 tuum“.
564 2196 643 2263 Cod.
660 2198 767 2261 Kenn.
785 2195 826 2259 95
850 2197 962 2262 habet:
986 2195 1109 2284 lnpbrpa,
1138 2199 1170 2264 S.
1189 2209 1220 2263 et
1243 2200 1339 2264 Luc:
1367 2203 1417 2277 τὴν
1445 2200 1589 2276 βασιλείαν
1613 2221 1669 2260 σου,

214 2321 368 2386 Fortasse
391 2319 494 2385 verba
516 2317 676 2385 Samuelis
698 2328 801 2383 artem
824 2321 992 2383 metricam
1015 2319 1168 2385 videntur
1190 2343 1325 2406 praese
1348 2321 1447 2386 ferre:

690 2487 716 2568 r]
740 2463 832 2558 ν’ύιν
851 2464 976 2554 νέοντο
996 2487 1023 2567 ι]
1043 2465 1106 2556 σύν
1128 2463 1186 2562 σἰη

814 2585 1188 2681 mmmm

215 2765 364 2831 Grimme
395 2765 507 2828 statuit
538 2784 651 2826 versus
682 2772 899 2848 pentametros
933 2762 1045 2848 legens
1078 2766 1112 2828 in
1145 2766 1266 2850 priore:
1300 2760 1481 2852 sp'ssprimrs
1514 2775 1547 2829 et
1579 2767 1671 2830 initio

214 2889 348 2954 alterius
372 2905 449 2962 nra:
476 2897 527 2970 „ct
550 2884 646 2950 hodie
670 2884 760 2949 dedit
783 2882 873 2949 eam“
899 2894 959 2950 etc.

321 3011 385 3075 Pro
409 3009 503 3098 ‘antu
527 3029 579 3086 nus
606 3026 646 3097 tu]
669 3006 760 3092 legas
788 3029 861 3071 cum
885 3006 954 3071 Kl.:
984 3005 1023 3086 ὀιι
1049 3019 1103 3102 sp:
1128 3022 1196 3095 stup
1223 3008 1252 3077 l)
1280 3020 1332 3086 nsi
1358 3029 1396 3085 nr
1422 3028 1465 3098 m]
1496 3011 1613 3092 „etiam
1644 3011 1670 3072 si

214 3141 351 3218 uterque
381 3141 528 3196 nostrum
558 3152 632 3195 eum
664 3127 718 3215 (de
748 3130 810 3193 hac
840 3127 889 3216 re)
921 3140 1058 3214 moneat,
1089 3151 1212 3216 aequus
1242 3139 1292 3194 est
1321 3129 1444 3198 Deus“.
1495 3132 1593 3195 Luc:
1623 3131 1671 3192 καὶ

215 3259 394 3336 spetiosior
417 3253 476 3338 (=
497 3251 559 3343 pp)
583 3251 701 3336 Ἰσραὴλ
724 3251 763 3324 εἷς
787 3253 834 3312 δύο
859 3249 985 3338 (suph).
1025 3251 1155 3317 Samuel
1180 3252 1249 3316 vult
1272 3252 1395 3317 dicere:
1424 3254 1555 3316 minime
1579 3253 1670 3316 Deus

215 3379 359 3442 oratione
382 3386 493 3441 nostra
516 3372 767 3461 permovebitur,
791 3381 827 3438 ut
850 3382 952 3438 mutet
975 3373 1145 3438 consilium
1165 3385 1195 3439 te
1216 3373 1381 3438 reiciendi.
1416 3375 1568 3439 Fortasse
1590 3375 1671 3438 haec

213 3521 343 3585 quoque
365 3498 469 3564 verba
491 3519 605 3562 versus
629 3497 771 3582 poeticos
795 3497 973 3560 continent:

775 3639 843 3731 urio
867 3641 950 3732 ,ν’γηψ
975 3640 1100 3719 πάιν-σιν
1122 3641 1163 3732 sip

700 3763 763 3857 nris}
786 3757 837 3854 ιιύγ
860 3763 954 3866 [saririr
976 3763 1015 3835 ab
1038 3762 1087 3834 ιιι-ἰ
1109 3777 1164 3857 την1

781 3883 1162 3978 ffiffiffissmd

214 4067 296 4130 Luc.
319 4066 405 4129 enim
432 4062 545 4128 habet:
572 4061 619 4124 rai
647 4064 696 4125 ούιι
724 4065 879 4145 ἐπιστρέψει
908 4065 973 4124 ούδὲ
999 4067 1163 4141 μετανοήσει
1192 4067 1206 4124 ὁ
1234 4067 1313 4143 ἅγιος
1335 4071 1383 4124 τοῦ
1406 4063 1532 4146 Ἰσραήλ,
1556 4063 1597 4122 ὅτι
1620 4062 1673 4141 ούχ

214 4192 253 4262 ὡς
279 4190 422 4269 ἅνθρωπός
451 4187 507 4247 ἐστι
533 4195 581 4247 τοῦ
609 4193 778 4264 μετανοῆσαι
806 4182 868 4271 (S.:
900 4187 1079 4268 ἀποστρέψεις
1110 4185 1201 4250 deest
1232 4189 1246 4246 t
1279 4189 1357 4265 ἅγιος
1386 4193 1435 4246 τοῦ
1463 4181 1522 4267 Ι..)
1570 4182 1671 4262 Quid·

214 4308 294 4396 quid
329 4316 388 4392 est,
421 4330 480 4394 pro
510 4319 583 4396 τραγ
613 4307 789 4391 legendum
818 4329 889 4372 esse
919 4307 1050 4371 videtur
1080 4320 1160 4400 :urm
1192 4308 1251 4373 Oh.
1275 4309 1362 4370 enim
1392 4306 1475 4371 bene
1505 4305 1672 4390 explicans

213 4433 328 4496 vertit:
360 4440 413 4516 „ct
438 4451 503 4493 non
526 4429 699 4492 revertitur
723 4427 843 4514 (Deus)
865 4428 908 4492 ab
931 4451 978 4512 eo,
1002 4428 1089 4514 quod
1113 4429 1226 4493 dixit.“
1275 4428 1388 4514 Vulg.:
1414 4429 1535 4513 „Porro
1558 4429 1670 4490 trium-

214 4554 332 4642 phator
352 4549 478 4637 (ηψγηῖ)
498 4553 532 4616 in
552 4549 655 4614 Israel
678 4573 741 4615 non
765 4547 904 4636 pariet“;
929 4548 1064 4634 Georg.:
1087 4551 1134 4612 καὶ
1156 4551 1343 4634 θριαμβευτής
1364 4550 1451 4630 ἐντῷ
1471 4550 1534 4630 λαῷ
1554 4549 1673 4631 Ἰσραὴλ

215 4679 266 4738 σύν.
297 4677 441 4752 ἀποβαίνει
470 4672 517 4735 καὶ
548 4674 597 4736 ούνι
627 4675 824 4756 ἀποστρέφεται
854 4675 917 4734 νιτλ.
972 4672 1066 4752 Quae
1097 4675 1204 4737 omnia
1233 4681 1401 4758 testantur,
1435 4671 1573 4736 verbum
1606 4684 1672 4763 nul:

215 4820 286 4864 esse
310 4798 498 4882 genuinum.

322 4919 480 5006 Suppleas
502 4928 575 5005 post
596 4929 676 5002 -ιηιυν
699 4916 880 4982 subiectum
903 4913 978 5006 ὀνιιψ
999 4947 1042 4969 =
1061 4917 1105 5002 S„
1127 4918 1218 5000 Luc,
1241 4917 1324 5002 Syn,
1345 4915 1445 4981 Arab.
1480 4917 1544 4980 Pro
1564 4935 1672 5003 apr-sp

214 5045 310 5133 ’νιιγψιῑ
333 5063 385 5132 την,
408 5059 458 5118 ἰον
481 5039 537 5127 (==
554 5039 624 5105 cod.
644 5039 672 5104 Α
695 5047 728 5102 et
748 5039 842 5122 Luc,
866 5038 950 5123 Syn,
974 5038 1086 5125 Arab.‚
1110 5037 1309 5126 oh.,vu1g.)
1335 5039 1423 5124 legas
1447 5037 1541 5127 lamp!
1565 5057 1673 5125 *spi-up

214 5187 264 5245 ’μη
287 5185 339 5254 Ὶγργ
363 5193 407 5216 =
430 5163 501 5228 eod.
517 5163 560 5226 B:
585 5164 699 5224 ἐνώπιον
722 5161 916 5242 πρεσβυτέρων
940 5164 996 5243 Ἰσρ
1018 5164 1056 5239 ’,λ
1078 5163 1125 5224 ναὶ
1149 5164 1264 5224 ἐνώπιον
1286 5163 1359 5223 λοιοῠ
1381 5183 1443 5239 μου.

319 5288 407 5352 Ante
434 5307 548 5350 vocem
576 5299 669 5370 πέτρη
696 5283 787 5367 legas
815 5303 888 5346 cum
912 5283 965 5347 Kl.
990 5303 1051 5368 ινιιγ
1073 5306 1131 5370 pro
1153 5303 1209 5368 sart:
1236 5285 1383 5366 „vinctus
1407 5283 1562 5368 catonis“,
1586 5282 1672 5367 quod

214 5409 383 5476 contextui
399 5408 559 5473 convenit.
584 5405 721 5491 Antiqui
741 5406 931 5490 interpretes
951 5415 1006 5470 aut
1025 5405 1107 5470 haec
1127 5405 1228 5470 verba
1249 5407 1425 5471 omiserunt
1441 5402 1540 5491 (Syn,
1556 5402 1672 5489 Arab.)
