<?xml version="1.0" encoding="UTF-8"?>
<!DOCTYPE html PUBLIC "-//W3C//DTD XHTML 1.0 Transitional//EN"
    "http://www.w3.org/TR/xhtml1/DTD/xhtml1-transitional.dtd">
<html xmlns="http://www.w3.org/1999/xhtml" xml:lang="en" lang="en">
 <head>
  <title>
</title>
<meta http-equiv="Content-Type" content="text/html;charset=utf-8" />
  <meta name='ocr-system' content='tesseract 3.04.00' />
  <meta name='ocr-capabilities' content='ocr_page ocr_carea ocr_par ocr_line ocrx_word'/>
</head>
<body>
  <div class='ocr_page' id='page_1' title='image "./librisamuelis00schlgoog/librisamuelis00schlgoog_0066.png"; bbox 0 0 4084 6024; ppageno 0'>
   <div class='ocr_carea' id='block_1_1' title="bbox 119 760 161 815">
    <p class='ocr_par' dir='ltr' id='par_1_1' title="bbox 119 760 161 815">
     <span class='ocr_line' id='line_1_1' title="bbox 119 760 161 815; baseline -0.024 0"><span class='ocrx_word' id='word_1_1' title='bbox 119 760 161 815; x_wconf 73' lang='grc'>241</span> 
     </span>
    </p>
   </div>
   <div class='ocr_carea' id='block_1_2' title="bbox 122 1004 163 1058">
    <p class='ocr_par' dir='ltr' id='par_1_2' title="bbox 122 1004 163 1058">
     <span class='ocr_line' id='line_1_2' title="bbox 122 1004 163 1058; baseline 0 0"><span class='ocrx_word' id='word_1_2' title='bbox 122 1004 163 1058; x_wconf 79' lang='grc'>22</span> 
     </span>
    </p>
   </div>
   <div class='ocr_carea' id='block_1_3' title="bbox 123 1248 163 1303">
    <p class='ocr_par' dir='ltr' id='par_1_3' title="bbox 123 1248 163 1303">
     <span class='ocr_line' id='line_1_3' title="bbox 123 1248 163 1303; baseline -0.025 -1"><span class='ocrx_word' id='word_1_3' title='bbox 123 1248 163 1303; x_wconf 76' lang='grc'>23</span> 
     </span>
    </p>
   </div>
   <div class='ocr_carea' id='block_1_4' title="bbox 129 4919 171 5340">
    <p class='ocr_par' dir='ltr' id='par_1_4' title="bbox 129 4919 171 5340">
     <span class='ocr_line' id='line_1_4' title="bbox 130 4919 171 4975; baseline 0.024 -1"><span class='ocrx_word' id='word_1_4' title='bbox 130 4919 171 4975; x_wconf 76' lang='lat'>32</span> 
     </span>
     <span class='ocr_line' id='line_1_5' title="bbox 129 5041 169 5096; baseline 0 0"><span class='ocrx_word' id='word_1_5' title='bbox 129 5041 169 5096; x_wconf 73' lang='grc'>32</span> 
     </span>
     <span class='ocr_line' id='line_1_6' title="bbox 129 5161 168 5218; baseline 0.051 -2"><span class='ocrx_word' id='word_1_6' title='bbox 129 5161 168 5218; x_wconf 72' lang='lat' dir='ltr'>st</span> 
     </span>
     <span class='ocr_line' id='line_1_7' title="bbox 129 5285 169 5340; baseline 0.025 -1"><span class='ocrx_word' id='word_1_7' title='bbox 129 5285 169 5340; x_wconf 72' lang='lat'>35</span> 
     </span>
    </p>
   </div>
   <div class='ocr_carea' id='block_1_5' title="bbox 795 568 1665 644">
    <p class='ocr_par' dir='ltr' id='par_1_5' title="bbox 795 568 1665 644">
     <span class='ocr_line' id='line_1_8' title="bbox 795 568 1665 644; baseline -0.005 -14"><span class='ocrx_word' id='word_1_8' title='bbox 795 585 806 630; x_wconf 85' lang='lat' dir='ltr'>r</span> <span class='ocrx_word' id='word_1_9' title='bbox 828 581 898 632; x_wconf 74' lang='lat' dir='ltr'>cam.</span> <span class='ocrx_word' id='word_1_10' title='bbox 916 583 956 644; x_wconf 85' lang='lat' dir='ltr'>rr,</span> <span class='ocrx_word' id='word_1_11' title='bbox 969 583 1080 632; x_wconf 79' lang='lat' dir='ltr'>ao-ee.</span> <span class='ocrx_word' id='word_1_12' title='bbox 1546 568 1665 626; x_wconf 86' lang='lat' dir='ltr'><strong>XLVII</strong></span> 
     </span>
    </p>
   </div>
   <div class='ocr_carea' id='block_1_6' title="bbox 209 754 1671 3534">
    <p class='ocr_par' dir='ltr' id='par_1_6' title="bbox 209 754 1664 959">
     <span class='ocr_line' id='line_1_9' title="bbox 315 754 1664 846; baseline -0.001 -28"><span class='ocrx_word' id='word_1_13' title='bbox 315 755 425 840; x_wconf 85' lang='lat' dir='ltr'>Legae</span> <span class='ocrx_word' id='word_1_14' title='bbox 447 773 518 831; x_wconf 59' lang='lat' dir='ltr'>trun</span> <span class='ocrx_word' id='word_1_15' title='bbox 541 776 599 841; x_wconf 93' lang='lat' dir='ltr'>pro</span> <span class='ocrx_word' id='word_1_16' title='bbox 622 773 711 846; x_wconf 61' lang='lat' dir='ltr'>impp,</span> <span class='ocrx_word' id='word_1_17' title='bbox 733 763 770 819; x_wconf 91' lang='lat' dir='ltr'>ut</span> <span class='ocrx_word' id='word_1_18' title='bbox 792 754 880 840; x_wconf 78' lang='lat' dir='ltr'>Syn:</span> <span class='ocrx_word' id='word_1_19' title='bbox 907 754 1009 840; x_wconf 81' lang='lat' dir='ltr'>,Cum</span> <span class='ocrx_word' id='word_1_20' title='bbox 1031 754 1255 838; x_wconf 82' lang='lat' dir='ltr'>ingrederetur</span> <span class='ocrx_word' id='word_1_21' title='bbox 1279 763 1384 818; x_wconf 90' lang='lat' dir='ltr'>castra</span> <span class='ocrx_word' id='word_1_22' title='bbox 1410 754 1493 818; x_wconf 89' lang='lat' dir='ltr'>vallo</span> <span class='ocrx_word' id='word_1_23' title='bbox 1515 754 1664 839; x_wconf 83' lang='lat' dir='ltr'>fossaque</span> 
     </span>
     <span class='ocr_line' id='line_1_10' title="bbox 209 873 1248 959; baseline 0.001 -21"><span class='ocrx_word' id='word_1_24' title='bbox 209 876 346 959; x_wconf 87' lang='lat' dir='ltr'>munita,</span> <span class='ocrx_word' id='word_1_25' title='bbox 368 876 486 941; x_wconf 81' lang='lat' dir='ltr'>milites</span> <span class='ocrx_word' id='word_1_26' title='bbox 508 877 542 942; x_wconf 92' lang='lat' dir='ltr'>in</span> <span class='ocrx_word' id='word_1_27' title='bbox 564 878 667 942; x_wconf 90' lang='lat' dir='ltr'>aciem</span> <span class='ocrx_word' id='word_1_28' title='bbox 691 877 802 942; x_wconf 89' lang='lat' dir='ltr'>educti·</span> <span class='ocrx_word' id='word_1_29' title='bbox 823 876 996 941; x_wconf 88' lang='lat' dir='ltr'>clamorem</span> <span class='ocrx_word' id='word_1_30' title='bbox 1011 873 1248 940; x_wconf 80' lang='lat' dir='ltr'>·sustulerunt.“</span> 
     </span>
    </p>

    <p class='ocr_par' dir='ltr' id='par_1_7' title="bbox 210 995 1665 1206">
     <span class='ocr_line' id='line_1_11' title="bbox 316 995 1665 1089; baseline -0.001 -27"><span class='ocrx_word' id='word_1_31' title='bbox 316 998 356 1062; x_wconf 94' lang='lat' dir='ltr'>In</span> <span class='ocrx_word' id='word_1_32' title='bbox 375 999 439 1062; x_wconf 89' lang='lat' dir='ltr'>fine</span> <span class='ocrx_word' id='word_1_33' title='bbox 458 998 548 1084; x_wconf 90' lang='lat' dir='ltr'>legas</span> <span class='ocrx_word' id='word_1_34' title='bbox 569 1021 626 1085; x_wconf 90' lang='lat' dir='ltr'>pro</span> <span class='ocrx_word' id='word_1_35' title='bbox 642 996 739 1089; x_wconf 48' lang='lat' dir='ltr'>olaph</span> <span class='ocrx_word' id='word_1_36' title='bbox 757 1021 831 1063; x_wconf 87' lang='lat' dir='ltr'>oum</span> <span class='ocrx_word' id='word_1_37' title='bbox 846 998 915 1062; x_wconf 85' lang='lat' dir='ltr'>Kl.:</span> <span class='ocrx_word' id='word_1_38' title='bbox 939 995 1075 1088; x_wconf 51' lang='grc' dir='ltr'>σφῇ-ἓξ)</span> <span class='ocrx_word' id='word_1_39' title='bbox 1103 1007 1155 1083; x_wconf 82' lang='lat' dir='ltr'>,et</span> <span class='ocrx_word' id='word_1_40' title='bbox 1177 999 1337 1082; x_wconf 89' lang='lat' dir='ltr'>quaesivit</span> <span class='ocrx_word' id='word_1_41' title='bbox 1361 997 1401 1060; x_wconf 91' lang='lat' dir='ltr'>de</span> <span class='ocrx_word' id='word_1_42' title='bbox 1424 996 1579 1062; x_wconf 86' lang='lat' dir='ltr'>fratribus</span> <span class='ocrx_word' id='word_1_43' title='bbox 1600 999 1665 1062; x_wconf 90' lang='lat' dir='ltr'>suis</span> 
     </span>
     <span class='ocr_line' id='line_1_12' title="bbox 210 1121 537 1206; baseline 0.006 -22"><span class='ocrx_word' id='word_1_44' title='bbox 210 1143 254 1184; x_wconf 86' lang='lat' dir='ltr'>ox</span> <span class='ocrx_word' id='word_1_45' title='bbox 278 1123 364 1186; x_wconf 90' lang='lat' dir='ltr'>omni</span> <span class='ocrx_word' id='word_1_46' title='bbox 388 1121 537 1206; x_wconf 85' lang='lat' dir='ltr'>populo“.</span> 
     </span>
    </p>

    <p class='ocr_par' dir='ltr' id='par_1_8' title="bbox 209 1241 1669 2428">
     <span class='ocr_line' id='line_1_13' title="bbox 317 1241 1664 1336; baseline -0.001 -29"><span class='ocrx_word' id='word_1_47' title='bbox 317 1243 380 1307; x_wconf 92' lang='lat' dir='ltr'>Pro</span> <span class='ocrx_word' id='word_1_48' title='bbox 404 1264 487 1324; x_wconf 61' lang='lat' dir='ltr'>upa-‚r</span> <span class='ocrx_word' id='word_1_49' title='bbox 511 1243 600 1328; x_wconf 89' lang='lat' dir='ltr'>legas</span> <span class='ocrx_word' id='word_1_50' title='bbox 624 1255 700 1336; x_wconf 66' lang='lat' dir='ltr'>⁸qu</span> <span class='ocrx_word' id='word_1_51' title='bbox 723 1253 760 1308; x_wconf 92' lang='lat' dir='ltr'>ut</span> <span class='ocrx_word' id='word_1_52' title='bbox 781 1242 850 1307; x_wconf 85' lang='lat' dir='ltr'>v.4</span> <span class='ocrx_word' id='word_1_53' title='bbox 874 1243 984 1328; x_wconf 91' lang='lat' dir='ltr'>(Luc.:</span> <span class='ocrx_word' id='word_1_54' title='bbox 1014 1247 1028 1304; x_wconf 82' lang='grc' dir='ltr'>ὁ</span> <span class='ocrx_word' id='word_1_55' title='bbox 1056 1241 1200 1330; x_wconf 75' lang='grc' dir='ltr'><strong>μεσσαῖος)</strong></span> <span class='ocrx_word' id='word_1_56' title='bbox 1224 1243 1397 1328; x_wconf 75' lang='lat' dir='ltr'>doleasque</span> <span class='ocrx_word' id='word_1_57' title='bbox 1420 1244 1551 1328; x_wconf 45' lang='grc' dir='ltr'>ἠψπ-,1,</span> <span class='ocrx_word' id='word_1_58' title='bbox 1579 1241 1664 1328; x_wconf 91' lang='lat' dir='ltr'>quod</span> 
     </span>
     <span class='ocr_line' id='line_1_14' title="bbox 209 1364 1668 1451; baseline 0 -23"><span class='ocrx_word' id='word_1_59' title='bbox 209 1366 368 1430; x_wconf 86' lang='lat' dir='ltr'>insertum</span> <span class='ocrx_word' id='word_1_60' title='bbox 392 1374 442 1430; x_wconf 88' lang='lat' dir='ltr'>ost</span> <span class='ocrx_word' id='word_1_61' title='bbox 463 1366 607 1431; x_wconf 80' lang='lat' dir='ltr'>textibus</span> <span class='ocrx_word' id='word_1_62' title='bbox 631 1368 695 1431; x_wconf 91' lang='lat' dir='ltr'>iam</span> <span class='ocrx_word' id='word_1_63' title='bbox 718 1365 870 1430; x_wconf 87' lang='lat' dir='ltr'>confusis.</span> <span class='ocrx_word' id='word_1_64' title='bbox 917 1366 981 1431; x_wconf 90' lang='lat' dir='ltr'>Pro</span> <span class='ocrx_word' id='word_1_65' title='bbox 1005 1382 1116 1451; x_wconf 63' lang='lat' dir='ltr'>utrque</span> <span class='ocrx_word' id='word_1_66' title='bbox 1142 1364 1232 1450; x_wconf 87' lang='lat' dir='ltr'>legas</span> <span class='ocrx_word' id='word_1_67' title='bbox 1260 1382 1390 1450; x_wconf 53' lang='grc' dir='ltr'>πωπω</span> <span class='ocrx_word' id='word_1_68' title='bbox 1419 1366 1515 1447; x_wconf 64' lang='lat' dir='ltr'>(Luc.</span> <span class='ocrx_word' id='word_1_69' title='bbox 1539 1387 1668 1450; x_wconf 84' lang='lat' dir='ltr'>semper</span> 
     </span>
     <span class='ocr_line' id='line_1_15' title="bbox 209 1485 1666 1575; baseline -0.001 -24"><span class='ocrx_word' id='word_1_70' title='bbox 209 1509 382 1552; x_wconf 88' lang='lat' dir='ltr'>numerum</span> <span class='ocrx_word' id='word_1_71' title='bbox 405 1487 539 1554; x_wconf 86' lang='lat' dir='ltr'>exbibet</span> <span class='ocrx_word' id='word_1_72' title='bbox 561 1485 783 1575; x_wconf 80' lang='lat' dir='ltr'>singularem).</span> <span class='ocrx_word' id='word_1_73' title='bbox 829 1489 935 1574; x_wconf 89' lang='lat' dir='ltr'>Paseq</span> <span class='ocrx_word' id='word_1_74' title='bbox 966 1487 1062 1572; x_wconf 88' lang='lat' dir='ltr'>linea,</span> <span class='ocrx_word' id='word_1_75' title='bbox 1091 1498 1128 1552; x_wconf 92' lang='lat' dir='ltr'>ut</span> <span class='ocrx_word' id='word_1_76' title='bbox 1149 1486 1233 1552; x_wconf 90' lang='lat' dir='ltr'>beno</span> <span class='ocrx_word' id='word_1_77' title='bbox 1261 1489 1414 1572; x_wconf 88' lang='lat' dir='ltr'>cognovit</span> <span class='ocrx_word' id='word_1_78' title='bbox 1436 1486 1593 1568; x_wconf 82' lang='lat' dir='ltr'>Grimme,</span> <span class='ocrx_word' id='word_1_79' title='bbox 1621 1489 1666 1550; x_wconf 91' lang='lat' dir='ltr'>in·</span> 
     </span>
     <span class='ocr_line' id='line_1_16' title="bbox 210 1607 1668 1702; baseline 0 -30"><span class='ocrx_word' id='word_1_80' title='bbox 210 1609 309 1692; x_wconf 88' lang='lat' dir='ltr'>dieat,</span> <span class='ocrx_word' id='word_1_81' title='bbox 340 1611 372 1672; x_wconf 93' lang='lat' dir='ltr'>in</span> <span class='ocrx_word' id='word_1_82' title='bbox 403 1608 465 1674; x_wconf 91' lang='lat' dir='ltr'>boc</span> <span class='ocrx_word' id='word_1_83' title='bbox 491 1632 588 1674; x_wconf 87' lang='lat' dir='ltr'>versu</span> <span class='ocrx_word' id='word_1_84' title='bbox 615 1611 703 1676; x_wconf 88' lang='lat' dir='ltr'>idem</span> <span class='ocrx_word' id='word_1_85' title='bbox 729 1610 844 1675; x_wconf 89' lang='lat' dir='ltr'>roferri</span> <span class='ocrx_word' id='word_1_86' title='bbox 871 1633 910 1675; x_wconf 89' lang='lat' dir='ltr'>ac</span> <span class='ocrx_word' id='word_1_87' title='bbox 937 1633 968 1674; x_wconf 91' lang='lat' dir='ltr'>v.</span> <span class='ocrx_word' id='word_1_88' title='bbox 989 1611 1025 1692; x_wconf 80' lang='lat'>43</span> <span class='ocrx_word' id='word_1_89' title='bbox 1057 1609 1114 1673; x_wconf 88' lang='lat' dir='ltr'>sed</span> <span class='ocrx_word' id='word_1_90' title='bbox 1142 1609 1244 1674; x_wconf 85' lang='lat' dir='ltr'>verba</span> <span class='ocrx_word' id='word_1_91' title='bbox 1271 1629 1323 1685; x_wconf 65' lang='lat' dir='ltr'>nra</span> <span class='ocrx_word' id='word_1_92' title='bbox 1339 1657 1349 1677; x_wconf 86' lang='grc'><strong>.</strong></span> <span class='ocrx_word' id='word_1_93' title='bbox 1365 1655 1373 1678; x_wconf 88' lang='grc'><strong>.</strong></span> <span class='ocrx_word' id='word_1_94' title='bbox 1389 1655 1398 1678; x_wconf 79' lang='grc'><strong>.</strong></span> <span class='ocrx_word' id='word_1_95' title='bbox 1414 1607 1478 1702; x_wconf 57' lang='grc' dir='ltr'>πῂ)</span> <span class='ocrx_word' id='word_1_96' title='bbox 1501 1632 1564 1674; x_wconf 93' lang='lat' dir='ltr'>non</span> <span class='ocrx_word' id='word_1_97' title='bbox 1593 1619 1668 1672; x_wconf 88' lang='lat' dir='ltr'>sunt</span> 
     </span>
     <span class='ocr_line' id='line_1_17' title="bbox 210 1731 1667 1819; baseline -0.001 -23"><span class='ocrx_word' id='word_1_98' title='bbox 210 1731 361 1816; x_wconf 89' lang='lat' dir='ltr'>delenda,</span> <span class='ocrx_word' id='word_1_99' title='bbox 394 1735 557 1819; x_wconf 83' lang='lat' dir='ltr'>pertinent</span> <span class='ocrx_word' id='word_1_100' title='bbox 586 1735 693 1819; x_wconf 92' lang='lat' dir='ltr'>potius</span> <span class='ocrx_word' id='word_1_101' title='bbox 722 1731 766 1798; x_wconf 89' lang='lat' dir='ltr'>ad</span> <span class='ocrx_word' id='word_1_102' title='bbox 795 1733 963 1798; x_wconf 76' lang='lat' dir='ltr'>historiam</span> <span class='ocrx_word' id='word_1_103' title='bbox 997 1733 1171 1818; x_wconf 86' lang='lat' dir='ltr'>separatim</span> <span class='ocrx_word' id='word_1_104' title='bbox 1204 1731 1335 1815; x_wconf 88' lang='lat' dir='ltr'>editam,</span> <span class='ocrx_word' id='word_1_105' title='bbox 1373 1753 1437 1816; x_wconf 88' lang='lat' dir='ltr'>qua</span> <span class='ocrx_word' id='word_1_106' title='bbox 1471 1754 1544 1796; x_wconf 88' lang='lat' dir='ltr'>curn</span> <span class='ocrx_word' id='word_1_107' title='bbox 1575 1741 1667 1795; x_wconf 84' lang='lat' dir='ltr'>textu</span> 
     </span>
     <span class='ocr_line' id='line_1_18' title="bbox 210 1852 1669 1944; baseline 0 -27"><span class='ocrx_word' id='word_1_108' title='bbox 210 1853 288 1918; x_wconf 89' lang='lat' dir='ltr'>libri</span> <span class='ocrx_word' id='word_1_109' title='bbox 304 1853 462 1919; x_wconf 82' lang='lat' dir='ltr'>Samuelis</span> <span class='ocrx_word' id='word_1_110' title='bbox 483 1855 619 1920; x_wconf 86' lang='lat' dir='ltr'>confusa</span> <span class='ocrx_word' id='word_1_111' title='bbox 637 1855 759 1918; x_wconf 89' lang='lat' dir='ltr'>inserta</span> <span class='ocrx_word' id='word_1_112' title='bbox 779 1863 854 1918; x_wconf 89' lang='lat' dir='ltr'>sunt</span> <span class='ocrx_word' id='word_1_113' title='bbox 874 1852 974 1918; x_wconf 85' lang='lat' dir='ltr'>rerba</span> <span class='ocrx_word' id='word_1_114' title='bbox 995 1856 1175 1939; x_wconf 87' lang='lat' dir='ltr'>sequentia:</span> <span class='ocrx_word' id='word_1_115' title='bbox 1198 1853 1280 1944; x_wconf 53' lang='lat' dir='ltr'>abac]</span> <span class='ocrx_word' id='word_1_116' title='bbox 1302 1875 1411 1944; x_wconf 56' lang='lat' dir='ltr'>nrqpqa</span> <span class='ocrx_word' id='word_1_117' title='bbox 1431 1873 1520 1943; x_wconf 64' lang='lat' dir='ltr'>nm.</span> <span class='ocrx_word' id='word_1_118' title='bbox 1545 1853 1669 1919; x_wconf 88' lang='lat' dir='ltr'>Ultima</span> 
     </span>
     <span class='ocr_line' id='line_1_19' title="bbox 209 1975 1667 2065; baseline -0.001 -25"><span class='ocrx_word' id='word_1_119' title='bbox 209 1985 321 2040; x_wconf 88' lang='lat' dir='ltr'>autom</span> <span class='ocrx_word' id='word_1_120' title='bbox 348 1976 450 2040; x_wconf 87' lang='lat' dir='ltr'>verba</span> <span class='ocrx_word' id='word_1_121' title='bbox 476 1997 526 2065; x_wconf 66' lang='grc' dir='ltr'>πη</span> <span class='ocrx_word' id='word_1_122' title='bbox 551 1989 639 2062; x_wconf 62' lang='lat' dir='ltr'>supp</span> <span class='ocrx_word' id='word_1_123' title='bbox 665 1979 828 2063; x_wconf 83' lang='lat' dir='ltr'>pertinent</span> <span class='ocrx_word' id='word_1_124' title='bbox 857 1976 900 2041; x_wconf 91' lang='lat' dir='ltr'>ad</span> <span class='ocrx_word' id='word_1_125' title='bbox 931 1976 1049 2040; x_wconf 91' lang='lat' dir='ltr'>librum</span> <span class='ocrx_word' id='word_1_126' title='bbox 1077 1975 1236 2041; x_wconf 84' lang='lat' dir='ltr'>Samuelis</span> <span class='ocrx_word' id='word_1_127' title='bbox 1268 1984 1299 2040; x_wconf 89' lang='lat' dir='ltr'>et</span> <span class='ocrx_word' id='word_1_128' title='bbox 1326 1977 1498 2041; x_wconf 85' lang='lat' dir='ltr'>referenda</span> <span class='ocrx_word' id='word_1_129' title='bbox 1525 1984 1600 2041; x_wconf 82' lang='lat' dir='ltr'>eunt</span> <span class='ocrx_word' id='word_1_130' title='bbox 1625 1975 1667 2039; x_wconf 90' lang='lat' dir='ltr'>ad</span> 
     </span>
     <span class='ocr_line' id='line_1_20' title="bbox 211 2096 1667 2184; baseline -0.002 -22"><span class='ocrx_word' id='word_1_131' title='bbox 211 2121 243 2162; x_wconf 81' lang='lat' dir='ltr'>v.</span> <span class='ocrx_word' id='word_1_132' title='bbox 264 2099 313 2182; x_wconf 92' lang='lat'>11,</span> <span class='ocrx_word' id='word_1_133' title='bbox 341 2120 437 2183; x_wconf 90' lang='lat' dir='ltr'>quem</span> <span class='ocrx_word' id='word_1_134' title='bbox 465 2108 653 2183; x_wconf 89' lang='lat' dir='ltr'>sequuntur,</span> <span class='ocrx_word' id='word_1_135' title='bbox 682 2097 910 2184; x_wconf 88' lang='lat' dir='ltr'>iungendaque</span> <span class='ocrx_word' id='word_1_136' title='bbox 939 2100 1048 2163; x_wconf 89' lang='lat' dir='ltr'>versui</span> <span class='ocrx_word' id='word_1_137' title='bbox 1071 2097 1123 2182; x_wconf 83' lang='lat'>24,</span> <span class='ocrx_word' id='word_1_138' title='bbox 1152 2119 1248 2183; x_wconf 92' lang='lat' dir='ltr'>quem</span> <span class='ocrx_word' id='word_1_139' title='bbox 1277 2098 1472 2184; x_wconf 86' lang='lat' dir='ltr'>sequebatur</span> <span class='ocrx_word' id='word_1_140' title='bbox 1498 2120 1540 2162; x_wconf 86' lang='lat' dir='ltr'>ex</span> <span class='ocrx_word' id='word_1_141' title='bbox 1562 2121 1593 2161; x_wconf 86' lang='lat' dir='ltr'>v.</span> <span class='ocrx_word' id='word_1_142' title='bbox 1612 2096 1667 2160; x_wconf 81' lang='lat'>26:</span> 
     </span>
     <span class='ocr_line' id='line_1_21' title="bbox 211 2219 1668 2311; baseline -0.002 -25"><span class='ocrx_word' id='word_1_143' title='bbox 211 2240 275 2297; x_wconf 53' lang='lat' dir='ltr'>nun</span> <span class='ocrx_word' id='word_1_144' title='bbox 303 2219 395 2306; x_wconf 63' lang='lat' dir='ltr'>0³an</span> <span class='ocrx_word' id='word_1_145' title='bbox 421 2236 531 2306; x_wconf 60' lang='lat' dir='ltr'>utaque</span> <span class='ocrx_word' id='word_1_146' title='bbox 558 2240 619 2308; x_wconf 59' lang='lat' dir='ltr'>mu</span> <span class='ocrx_word' id='word_1_147' title='bbox 647 2243 674 2296; x_wconf 64' lang='lat' dir='ltr'>*a</span> <span class='ocrx_word' id='word_1_148' title='bbox 701 2241 752 2308; x_wconf 71' lang='lat' dir='ltr'>:qn</span> <span class='ocrx_word' id='word_1_149' title='bbox 781 2219 860 2310; x_wconf 63' lang='lat' dir='ltr'>bnpq</span> <span class='ocrx_word' id='word_1_150' title='bbox 887 2239 916 2297; x_wconf 69' lang='lat' dir='ltr'>ns</span> <span class='ocrx_word' id='word_1_151' title='bbox 941 2243 992 2311; x_wconf 63' lang='lat' dir='ltr'>*pq</span> <span class='ocrx_word' id='word_1_152' title='bbox 1019 2234 1111 2304; x_wconf 60' lang='lat' dir='ltr'>marn</span> <span class='ocrx_word' id='word_1_153' title='bbox 1143 2220 1223 2284; x_wconf 90' lang='lat' dir='ltr'>haee</span> <span class='ocrx_word' id='word_1_154' title='bbox 1253 2223 1339 2284; x_wconf 90' lang='lat' dir='ltr'>enim</span> <span class='ocrx_word' id='word_1_155' title='bbox 1368 2219 1470 2284; x_wconf 88' lang='lat' dir='ltr'>verba</span> <span class='ocrx_word' id='word_1_156' title='bbox 1500 2221 1668 2305; x_wconf 88' lang='lat' dir='ltr'>utriusque</span> 
     </span>
     <span class='ocr_line' id='line_1_22' title="bbox 210 2344 598 2428; baseline 0.005 -24"><span class='ocrx_word' id='word_1_157' title='bbox 210 2349 323 2406; x_wconf 87' lang='lat' dir='ltr'>textus</span> <span class='ocrx_word' id='word_1_158' title='bbox 345 2344 477 2428; x_wconf 89' lang='lat' dir='ltr'>propria</span> <span class='ocrx_word' id='word_1_159' title='bbox 498 2350 598 2407; x_wconf 87' lang='lat' dir='ltr'>orant.</span> 
     </span>
    </p>

    <p class='ocr_par' dir='ltr' id='par_1_9' title="bbox 211 2462 1671 3039">
     <span class='ocr_line' id='line_1_23' title="bbox 318 2462 1669 2552; baseline 0.001 -22"><span class='ocrx_word' id='word_1_160' title='bbox 318 2465 443 2530; x_wconf 87' lang='lat' dir='ltr'>Versus</span> <span class='ocrx_word' id='word_1_161' title='bbox 470 2463 513 2529; x_wconf 81' lang='grc'>25</span> <span class='ocrx_word' id='word_1_162' title='bbox 541 2475 574 2530; x_wconf 88' lang='lat' dir='ltr'>et</span> <span class='ocrx_word' id='word_1_163' title='bbox 600 2475 771 2550; x_wconf 84' lang='lat' dir='ltr'>sequentes</span> <span class='ocrx_word' id='word_1_164' title='bbox 799 2475 875 2530; x_wconf 90' lang='lat' dir='ltr'>sunt</span> <span class='ocrx_word' id='word_1_165' title='bbox 901 2465 1054 2529; x_wconf 87' lang='lat' dir='ltr'>historiae</span> <span class='ocrx_word' id='word_1_166' title='bbox 1084 2464 1232 2530; x_wconf 80' lang='lat' dir='ltr'>llavidis.</span> <span class='ocrx_word' id='word_1_167' title='bbox 1279 2465 1349 2528; x_wconf 65' lang='lat' dir='ltr'>aba</span> <span class='ocrx_word' id='word_1_168' title='bbox 1374 2463 1464 2548; x_wconf 84' lang='lat' dir='ltr'>legas</span> <span class='ocrx_word' id='word_1_169' title='bbox 1488 2462 1603 2552; x_wconf 58' lang='lat' dir='ltr'>btrq&#39;qqu</span> <span class='ocrx_word' id='word_1_170' title='bbox 1626 2494 1669 2515; x_wconf 93' lang='lat'>=</span> 
     </span>
     <span class='ocr_line' id='line_1_24' title="bbox 212 2583 1669 2673; baseline 0 -26"><span class='ocrx_word' id='word_1_171' title='bbox 212 2585 243 2661; x_wconf 83' lang='grc' dir='ltr'>ἐξ</span> <span class='ocrx_word' id='word_1_172' title='bbox 272 2585 391 2669; x_wconf 62' lang='grc' dir='ltr'>Ἰσραήλ</span> <span class='ocrx_word' id='word_1_173' title='bbox 419 2585 539 2672; x_wconf 79' lang='lat' dir='ltr'>(Luc).</span> <span class='ocrx_word' id='word_1_174' title='bbox 586 2586 658 2652; x_wconf 79' lang='grc'><strong>257)</strong></span> <span class='ocrx_word' id='word_1_175' title='bbox 682 2589 807 2673; x_wconf 81' lang='lat' dir='ltr'>origine</span> <span class='ocrx_word' id='word_1_176' title='bbox 838 2597 931 2653; x_wconf 85' lang='lat' dir='ltr'>tenus</span> <span class='ocrx_word' id='word_1_177' title='bbox 964 2587 1071 2652; x_wconf 90' lang='lat' dir='ltr'>locum</span> <span class='ocrx_word' id='word_1_178' title='bbox 1098 2587 1211 2652; x_wconf 89' lang='lat' dir='ltr'>habuit</span> <span class='ocrx_word' id='word_1_179' title='bbox 1238 2597 1312 2672; x_wconf 86' lang='lat' dir='ltr'>post</span> <span class='ocrx_word' id='word_1_180' title='bbox 1334 2609 1364 2650; x_wconf 91' lang='lat' dir='ltr'>v.</span> <span class='ocrx_word' id='word_1_181' title='bbox 1382 2586 1433 2649; x_wconf 97' lang='grc'>27.</span> <span class='ocrx_word' id='word_1_182' title='bbox 1480 2585 1529 2650; x_wconf 79' lang='lat' dir='ltr'>ef.</span> <span class='ocrx_word' id='word_1_183' title='bbox 1547 2583 1669 2669; x_wconf 84' lang='lat' dir='ltr'>duplex</span> 
     </span>
     <span class='ocr_line' id='line_1_25' title="bbox 211 2707 1667 2800; baseline -0.003 -27"><span class='ocrx_word' id='word_1_184' title='bbox 211 2710 327 2794; x_wconf 86' lang='lat' dir='ltr'>paseq!</span> <span class='ocrx_word' id='word_1_185' title='bbox 374 2709 474 2774; x_wconf 81' lang='lat' dir='ltr'>Recte</span> <span class='ocrx_word' id='word_1_186' title='bbox 507 2711 628 2774; x_wconf 84' lang='lat' dir='ltr'>dixerit</span> <span class='ocrx_word' id='word_1_187' title='bbox 659 2710 806 2775; x_wconf 82' lang='lat' dir='ltr'>Grimme</span> <span class='ocrx_word' id='word_1_188' title='bbox 835 2707 928 2800; x_wconf 56' lang='lat' dir='ltr'>abbr),</span> <span class='ocrx_word' id='word_1_189' title='bbox 962 2709 1049 2796; x_wconf 91' lang='lat' dir='ltr'>quod</span> <span class='ocrx_word' id='word_1_190' title='bbox 1079 2713 1112 2774; x_wconf 94' lang='lat' dir='ltr'>in</span> <span class='ocrx_word' id='word_1_191' title='bbox 1144 2710 1216 2795; x_wconf 84' lang='lat' dir='ltr'>Syr.</span> <span class='ocrx_word' id='word_1_192' title='bbox 1242 2708 1342 2793; x_wconf 88' lang='lat' dir='ltr'>deest,</span> <span class='ocrx_word' id='word_1_193' title='bbox 1378 2707 1553 2771; x_wconf 90' lang='lat' dir='ltr'>delendum</span> <span class='ocrx_word' id='word_1_194' title='bbox 1587 2729 1667 2770; x_wconf 86' lang='lat' dir='ltr'>esse.</span> 
     </span>
     <span class='ocr_line' id='line_1_26' title="bbox 211 2829 1671 2924; baseline -0.003 -28"><span class='ocrx_word' id='word_1_195' title='bbox 211 2832 335 2896; x_wconf 87' lang='lat' dir='ltr'>Deloas</span> <span class='ocrx_word' id='word_1_196' title='bbox 368 2853 495 2918; x_wconf 89' lang='lat' dir='ltr'>quoque</span> <span class='ocrx_word' id='word_1_197' title='bbox 530 2832 632 2898; x_wconf 85' lang='lat' dir='ltr'>verba</span> <span class='ocrx_word' id='word_1_198' title='bbox 664 2845 793 2920; x_wconf 54' lang='lat' dir='ltr'>roal-&#39;tyre</span> <span class='ocrx_word' id='word_1_199' title='bbox 826 2845 900 2924; x_wconf 55' lang='lat' dir='ltr'>urle]</span> <span class='ocrx_word' id='word_1_200' title='bbox 935 2854 1007 2924; x_wconf 54' lang='grc' dir='ltr'>,πῃ-ῃ,</span> <span class='ocrx_word' id='word_1_201' title='bbox 1042 2855 1123 2918; x_wconf 89' lang='lat' dir='ltr'>quae</span> <span class='ocrx_word' id='word_1_202' title='bbox 1158 2831 1341 2896; x_wconf 82' lang='lat' dir='ltr'>necessario</span> <span class='ocrx_word' id='word_1_203' title='bbox 1375 2829 1549 2894; x_wconf 87' lang='lat' dir='ltr'>inscrenda</span> <span class='ocrx_word' id='word_1_204' title='bbox 1579 2836 1671 2892; x_wconf 90' lang='lat' dir='ltr'>erant</span> 
     </span>
     <span class='ocr_line' id='line_1_27' title="bbox 212 2955 633 3039; baseline 0 -20"><span class='ocrx_word' id='word_1_205' title='bbox 212 2963 351 3039; x_wconf 90' lang='lat' dir='ltr'>utroque</span> <span class='ocrx_word' id='word_1_206' title='bbox 373 2964 466 3019; x_wconf 88' lang='lat' dir='ltr'>textu</span> <span class='ocrx_word' id='word_1_207' title='bbox 489 2955 633 3020; x_wconf 90' lang='lat' dir='ltr'>confuso.</span> 
     </span>
    </p>

    <p class='ocr_par' dir='ltr' id='par_1_10' title="bbox 320 3070 1522 3164">
     <span class='ocr_line' id='line_1_28' title="bbox 320 3070 1522 3164; baseline -0.002 -24"><span class='ocrx_word' id='word_1_208' title='bbox 320 3075 439 3141; x_wconf 88' lang='lat' dir='ltr'>Doleas</span> <span class='ocrx_word' id='word_1_209' title='bbox 463 3079 593 3164; x_wconf 56' lang='lat' dir='ltr'>rnpbpa,</span> <span class='ocrx_word' id='word_1_210' title='bbox 621 3099 703 3163; x_wconf 87' lang='lat' dir='ltr'>quae</span> <span class='ocrx_word' id='word_1_211' title='bbox 726 3076 950 3142; x_wconf 82' lang='lat' dir='ltr'>videturesse</span> <span class='ocrx_word' id='word_1_212' title='bbox 973 3076 1081 3160; x_wconf 84' lang='lat' dir='ltr'>glossa</span> <span class='ocrx_word' id='word_1_213' title='bbox 1104 3075 1270 3161; x_wconf 77' lang='lat' dir='ltr'>explicans</span> <span class='ocrx_word' id='word_1_214' title='bbox 1294 3097 1408 3139; x_wconf 88' lang='lat' dir='ltr'>vocem</span> <span class='ocrx_word' id='word_1_215' title='bbox 1430 3070 1522 3164; x_wconf 55' lang='grc' dir='ltr'>ΒΨ).</span> 
     </span>
    </p>

    <p class='ocr_par' dir='ltr' id='par_1_11' title="bbox 215 3193 1670 3409">
     <span class='ocr_line' id='line_1_29' title="bbox 321 3193 1670 3290; baseline -0.004 -28"><span class='ocrx_word' id='word_1_216' title='bbox 321 3197 440 3264; x_wconf 87' lang='lat' dir='ltr'>Deleas</span> <span class='ocrx_word' id='word_1_217' title='bbox 462 3199 564 3266; x_wconf 89' lang='lat' dir='ltr'>verba</span> <span class='ocrx_word' id='word_1_218' title='bbox 587 3220 638 3286; x_wconf 67' lang='lat' dir='ltr'>apti</span> <span class='ocrx_word' id='word_1_219' title='bbox 658 3220 736 3290; x_wconf 60' lang='lat' dir='ltr'>npqp</span> <span class='ocrx_word' id='word_1_220' title='bbox 764 3201 885 3264; x_wconf 89' lang='lat' dir='ltr'>inserta</span> <span class='ocrx_word' id='word_1_221' title='bbox 911 3199 1016 3263; x_wconf 87' lang='lat' dir='ltr'>textui</span> <span class='ocrx_word' id='word_1_222' title='bbox 1043 3197 1186 3279; x_wconf 86' lang='lat' dir='ltr'>confuso,</span> <span class='ocrx_word' id='word_1_223' title='bbox 1214 3208 1251 3262; x_wconf 92' lang='lat' dir='ltr'>ut</span> <span class='ocrx_word' id='word_1_224' title='bbox 1278 3221 1295 3262; x_wconf 90' lang='lat' dir='ltr'>e</span> <span class='ocrx_word' id='word_1_225' title='bbox 1322 3197 1433 3262; x_wconf 86' lang='lat' dir='ltr'>vorbis</span> <span class='ocrx_word' id='word_1_226' title='bbox 1462 3193 1670 3281; x_wconf 88' lang='lat' dir='ltr'>sequentibus</span> 
     </span>
     <span class='ocr_line' id='line_1_30' title="bbox 215 3318 942 3409; baseline 0.001 -26"><span class='ocrx_word' id='word_1_227' title='bbox 215 3318 331 3384; x_wconf 88' lang='lat' dir='ltr'>elucet.</span> <span class='ocrx_word' id='word_1_228' title='bbox 376 3320 416 3384; x_wconf 93' lang='lat' dir='ltr'>In</span> <span class='ocrx_word' id='word_1_229' title='bbox 437 3321 503 3385; x_wconf 86' lang='lat' dir='ltr'>fine</span> <span class='ocrx_word' id='word_1_230' title='bbox 525 3343 626 3407; x_wconf 86' lang='lat' dir='ltr'>ponas</span> <span class='ocrx_word' id='word_1_231' title='bbox 650 3321 738 3386; x_wconf 70' lang='lat' dir='ltr'>aab:</span> <span class='ocrx_word' id='word_1_232' title='bbox 763 3338 811 3409; x_wconf 73' lang='lat' dir='ltr'>”top</span> <span class='ocrx_word' id='word_1_233' title='bbox 835 3332 942 3408; x_wconf 44' lang='lat' dir='ltr'>stuppa</span> 
     </span>
    </p>

    <p class='ocr_par' dir='ltr' id='par_1_12' title="bbox 320 3440 1670 3534">
     <span class='ocr_line' id='line_1_31' title="bbox 320 3440 1670 3534; baseline -0.004 -28"><span class='ocrx_word' id='word_1_234' title='bbox 320 3441 438 3507; x_wconf 87' lang='lat' dir='ltr'>Doleas</span> <span class='ocrx_word' id='word_1_235' title='bbox 466 3442 568 3508; x_wconf 86' lang='lat' dir='ltr'>verba</span> <span class='ocrx_word' id='word_1_236' title='bbox 595 3464 645 3530; x_wconf 71' lang='lat' dir='ltr'>up]</span> <span class='ocrx_word' id='word_1_237' title='bbox 673 3465 750 3534; x_wconf 60' lang='lat' dir='ltr'><strong>W</strong></span> <span class='ocrx_word' id='word_1_238' title='bbox 778 3453 813 3508; x_wconf 89' lang='lat' dir='ltr'>ut</span> <span class='ocrx_word' id='word_1_239' title='bbox 840 3466 872 3507; x_wconf 88' lang='lat' dir='ltr'>v.</span> <span class='ocrx_word' id='word_1_240' title='bbox 895 3441 946 3506; x_wconf 89' lang='grc'>27.</span> <span class='ocrx_word' id='word_1_241' title='bbox 997 3443 1154 3506; x_wconf 78' lang='lat' dir='ltr'>Diversae</span> <span class='ocrx_word' id='word_1_242' title='bbox 1182 3442 1386 3506; x_wconf 84' lang='lat' dir='ltr'>recensiones</span> <span class='ocrx_word' id='word_1_243' title='bbox 1416 3440 1470 3504; x_wconf 91' lang='lat' dir='ltr'>hic</span> <span class='ocrx_word' id='word_1_244' title='bbox 1500 3461 1570 3503; x_wconf 88' lang='lat' dir='ltr'>esse</span> <span class='ocrx_word' id='word_1_245' title='bbox 1598 3460 1670 3503; x_wconf 90' lang='lat' dir='ltr'>con·</span> 
     </span>
    </p>
   </div>
   <div class='ocr_carea' id='block_1_7' title="bbox 204 3563 1670 3650">
    <p class='ocr_par' dir='ltr' id='par_1_13' title="bbox 204 3563 1670 3650">
     <span class='ocr_line' id='line_1_32' title="bbox 204 3563 1670 3650; baseline -0.004 -21"><span class='ocrx_word' id='word_1_246' title='bbox 204 3565 315 3649; x_wconf 71' lang='lat' dir='ltr'>usas,</span> <span class='ocrx_word' id='word_1_247' title='bbox 343 3587 385 3629; x_wconf 85' lang='lat' dir='ltr'>ex</span> <span class='ocrx_word' id='word_1_248' title='bbox 412 3564 474 3629; x_wconf 89' lang='lat' dir='ltr'>boc</span> <span class='ocrx_word' id='word_1_249' title='bbox 502 3588 599 3631; x_wconf 88' lang='lat' dir='ltr'>versu</span> <span class='ocrx_word' id='word_1_250' title='bbox 625 3565 697 3630; x_wconf 89' lang='lat' dir='ltr'>luce</span> <span class='ocrx_word' id='word_1_251' title='bbox 726 3565 843 3630; x_wconf 90' lang='lat' dir='ltr'>clarius</span> <span class='ocrx_word' id='word_1_252' title='bbox 866 3573 1009 3650; x_wconf 88' lang='lat' dir='ltr'>apparet.</span> <span class='ocrx_word' id='word_1_253' title='bbox 1055 3563 1167 3629; x_wconf 89' lang='lat' dir='ltr'>Verba</span> <span class='ocrx_word' id='word_1_254' title='bbox 1189 3566 1285 3649; x_wconf 91' lang='lat' dir='ltr'>enim,</span> <span class='ocrx_word' id='word_1_255' title='bbox 1308 3586 1391 3650; x_wconf 91' lang='lat' dir='ltr'>quae</span> <span class='ocrx_word' id='word_1_256' title='bbox 1414 3571 1592 3648; x_wconf 88' lang='lat' dir='ltr'>sequuntur</span> <span class='ocrx_word' id='word_1_257' title='bbox 1615 3563 1670 3624; x_wconf 90' lang='lat' dir='ltr'>im-</span> 
     </span>
    </p>
   </div>
   <div class='ocr_carea' id='block_1_8' title="bbox 214 3683 1675 5486">
    <p class='ocr_par' dir='ltr' id='par_1_14' title="bbox 214 3683 1672 4264">
     <span class='ocr_line' id='line_1_33' title="bbox 214 3683 1670 3779; baseline -0.005 -26"><span class='ocrx_word' id='word_1_258' title='bbox 214 3687 356 3753; x_wconf 88' lang='lat' dir='ltr'>mediate</span> <span class='ocrx_word' id='word_1_259' title='bbox 376 3687 450 3752; x_wconf 91' lang='lat' dir='ltr'>libri</span> <span class='ocrx_word' id='word_1_260' title='bbox 468 3688 627 3754; x_wconf 85' lang='lat' dir='ltr'>Samuelis</span> <span class='ocrx_word' id='word_1_261' title='bbox 650 3698 737 3754; x_wconf 88' lang='lat' dir='ltr'>sunt:</span> <span class='ocrx_word' id='word_1_262' title='bbox 762 3709 822 3779; x_wconf 57' lang='lat' dir='ltr'>sqq</span> <span class='ocrx_word' id='word_1_263' title='bbox 841 3706 900 3778; x_wconf 63' lang='lat' dir='ltr'>opp</span> <span class='ocrx_word' id='word_1_264' title='bbox 919 3701 1016 3779; x_wconf 57' lang='lat' dir='ltr'>superq}</span> <span class='ocrx_word' id='word_1_265' title='bbox 1041 3685 1304 3773; x_wconf 85' lang='lat' dir='ltr'>,Responditquo</span> <span class='ocrx_word' id='word_1_266' title='bbox 1325 3687 1353 3750; x_wconf 87' lang='lat' dir='ltr'>ei</span> <span class='ocrx_word' id='word_1_267' title='bbox 1374 3683 1543 3771; x_wconf 85' lang='lat' dir='ltr'>populus“.</span> <span class='ocrx_word' id='word_1_268' title='bbox 1578 3683 1670 3747; x_wconf 86' lang='lat' dir='ltr'>Refe-</span> 
     </span>
     <span class='ocr_line' id='line_1_34' title="bbox 214 3805 1672 3896; baseline -0.006 -22"><span class='ocrx_word' id='word_1_269' title='bbox 214 3809 319 3874; x_wconf 88' lang='lat' dir='ltr'>renda</span> <span class='ocrx_word' id='word_1_270' title='bbox 345 3819 421 3875; x_wconf 88' lang='lat' dir='ltr'>sunt</span> <span class='ocrx_word' id='word_1_271' title='bbox 446 3809 490 3874; x_wconf 88' lang='lat' dir='ltr'>ad</span> <span class='ocrx_word' id='word_1_272' title='bbox 516 3833 547 3874; x_wconf 88' lang='lat' dir='ltr'>v.</span> <span class='ocrx_word' id='word_1_273' title='bbox 569 3809 611 3873; x_wconf 88' lang='grc'>26</span> <span class='ocrx_word' id='word_1_274' title='bbox 642 3808 733 3895; x_wconf 88' lang='lat' dir='ltr'>(vide</span> <span class='ocrx_word' id='word_1_275' title='bbox 764 3811 885 3896; x_wconf 86' lang='lat' dir='ltr'>supra).</span> <span class='ocrx_word' id='word_1_276' title='bbox 935 3809 1034 3896; x_wconf 88' lang='lat' dir='ltr'>Apud</span> <span class='ocrx_word' id='word_1_277' title='bbox 1065 3809 1145 3874; x_wconf 88' lang='lat' dir='ltr'>Luc.</span> <span class='ocrx_word' id='word_1_278' title='bbox 1171 3808 1263 3873; x_wconf 88' lang='lat' dir='ltr'>deest</span> <span class='ocrx_word' id='word_1_279' title='bbox 1293 3811 1308 3868; x_wconf 81' lang='grc' dir='ltr'>ὁ</span> <span class='ocrx_word' id='word_1_280' title='bbox 1338 3809 1422 3888; x_wconf 74' lang='grc' dir='ltr'>λαός,</span> <span class='ocrx_word' id='word_1_281' title='bbox 1453 3807 1523 3871; x_wconf 89' lang='lat' dir='ltr'>eod.</span> <span class='ocrx_word' id='word_1_282' title='bbox 1548 3805 1594 3870; x_wconf 90' lang='lat' dir='ltr'>A:</span> <span class='ocrx_word' id='word_1_283' title='bbox 1624 3806 1672 3866; x_wconf 77' lang='lat' dir='ltr'>aori</span> 
     </span>
     <span class='ocr_line' id='line_1_35' title="bbox 215 3927 1672 4020; baseline -0.009 -18"><span class='ocrx_word' id='word_1_284' title='bbox 215 3934 352 4014; x_wconf 70' lang='grc' dir='ltr'>ἀπεκρίθη</span> <span class='ocrx_word' id='word_1_285' title='bbox 382 3934 455 4012; x_wconf 69' lang='grc' dir='ltr'>αὐτῷ</span> <span class='ocrx_word' id='word_1_286' title='bbox 482 3929 752 4020; x_wconf 68' lang='lat' dir='ltr'>6i·a6;(rn:u31),</span> <span class='ocrx_word' id='word_1_287' title='bbox 780 3941 915 4017; x_wconf 88' lang='lat' dir='ltr'>uterque</span> <span class='ocrx_word' id='word_1_288' title='bbox 943 3933 1060 3996; x_wconf 90' lang='lat' dir='ltr'>omittit</span> <span class='ocrx_word' id='word_1_289' title='bbox 1082 3931 1154 4020; x_wconf 49' lang='lat' dir='ltr'>uqi</span> <span class='ocrx_word' id='word_1_290' title='bbox 1200 3930 1239 3994; x_wconf 90' lang='lat' dir='ltr'>In</span> <span class='ocrx_word' id='word_1_291' title='bbox 1266 3931 1400 3996; x_wconf 90' lang='lat' dir='ltr'>biston&#39;a</span> <span class='ocrx_word' id='word_1_292' title='bbox 1422 3927 1585 3993; x_wconf 80' lang='lat' dir='ltr'>Dauidica</span> <span class='ocrx_word' id='word_1_293' title='bbox 1608 3929 1672 3990; x_wconf 90' lang='lat' dir='ltr'>iam</span> 
     </span>
     <span class='ocr_line' id='line_1_36' title="bbox 214 4047 1669 4141; baseline -0.005 -21"><span class='ocrx_word' id='word_1_294' title='bbox 214 4078 245 4120; x_wconf 84' lang='lat' dir='ltr'>v.</span> <span class='ocrx_word' id='word_1_295' title='bbox 264 4053 305 4116; x_wconf 89' lang='grc'>27</span> <span class='ocrx_word' id='word_1_296' title='bbox 328 4053 375 4138; x_wconf 89' lang='lat' dir='ltr'>(et</span> <span class='ocrx_word' id='word_1_297' title='bbox 394 4052 480 4138; x_wconf 75' lang='lat' dir='ltr'>tub)</span> <span class='ocrx_word' id='word_1_298' title='bbox 500 4075 690 4140; x_wconf 89' lang='lat' dir='ltr'>responsum</span> <span class='ocrx_word' id='word_1_299' title='bbox 710 4055 883 4137; x_wconf 88' lang='lat' dir='ltr'>iuvenitur,</span> <span class='ocrx_word' id='word_1_300' title='bbox 907 4053 994 4118; x_wconf 91' lang='lat' dir='ltr'>unde</span> <span class='ocrx_word' id='word_1_301' title='bbox 1014 4054 1068 4118; x_wconf 89' lang='lat' dir='ltr'>hie</span> <span class='ocrx_word' id='word_1_302' title='bbox 1088 4052 1219 4118; x_wconf 89' lang='lat' dir='ltr'>dicitur:</span> <span class='ocrx_word' id='word_1_303' title='bbox 1244 4063 1348 4141; x_wconf 59' lang='lat' dir='ltr'>[tuna-,r</span> <span class='ocrx_word' id='word_1_304' title='bbox 1372 4069 1450 4141; x_wconf 64' lang='lat' dir='ltr'>&#39;qqu</span> <span class='ocrx_word' id='word_1_305' title='bbox 1476 4058 1531 4134; x_wconf 85' lang='lat' dir='ltr'>,ut</span> <span class='ocrx_word' id='word_1_306' title='bbox 1554 4047 1669 4135; x_wconf 86' lang='lat' dir='ltr'>supra“</span> 
     </span>
     <span class='ocr_line' id='line_1_37' title="bbox 217 4175 457 4264; baseline -0.029 -17"><span class='ocrx_word' id='word_1_307' title='bbox 217 4175 338 4264; x_wconf 81' lang='lat' dir='ltr'>(prima</span> <span class='ocrx_word' id='word_1_308' title='bbox 360 4175 457 4263; x_wconf 88' lang='lat' dir='ltr'>vice).</span> 
     </span>
    </p>

    <p class='ocr_par' dir='ltr' id='par_1_15' title="bbox 215 4295 1675 4873">
     <span class='ocr_line' id='line_1_38' title="bbox 324 4295 1672 4384; baseline -0.006 -22"><span class='ocrx_word' id='word_1_309' title='bbox 324 4299 405 4364; x_wconf 89' lang='lat' dir='ltr'>Luc.</span> <span class='ocrx_word' id='word_1_310' title='bbox 421 4297 473 4384; x_wconf 88' lang='lat' dir='ltr'>(ut</span> <span class='ocrx_word' id='word_1_311' title='bbox 495 4297 625 4363; x_wconf 90' lang='lat' dir='ltr'>codices</span> <span class='ocrx_word' id='word_1_312' title='bbox 646 4297 813 4384; x_wconf 89' lang='lat' dir='ltr'>permulti)</span> <span class='ocrx_word' id='word_1_313' title='bbox 836 4306 909 4383; x_wconf 90' lang='lat' dir='ltr'>post</span> <span class='ocrx_word' id='word_1_314' title='bbox 932 4298 1046 4359; x_wconf 77' lang='grc' dir='ltr'>ἐνώπιον</span> <span class='ocrx_word' id='word_1_315' title='bbox 1070 4299 1164 4358; x_wconf 72' lang='grc' dir='ltr'>Σαοὺλ</span> <span class='ocrx_word' id='word_1_316' title='bbox 1186 4295 1299 4360; x_wconf 88' lang='lat' dir='ltr'>habet:</span> <span class='ocrx_word' id='word_1_317' title='bbox 1327 4295 1374 4356; x_wconf 78' lang='lat' dir='ltr'>nal</span> <span class='ocrx_word' id='word_1_318' title='bbox 1401 4295 1564 4376; x_wconf 74' lang='grc' dir='ltr'>παρέλαβον</span> <span class='ocrx_word' id='word_1_319' title='bbox 1592 4295 1672 4356; x_wconf 68' lang='grc' dir='ltr'>αὑτὸν</span> 
     </span>
     <span class='ocr_line' id='line_1_39' title="bbox 215 4417 1672 4507; baseline 0 -24"><span class='ocrx_word' id='word_1_320' title='bbox 215 4421 263 4483; x_wconf 77' lang='lat' dir='ltr'>rari</span> <span class='ocrx_word' id='word_1_321' title='bbox 288 4421 436 4502; x_wconf 68' lang='grc' dir='ltr'><strong>εἷςήγαγον</strong></span> <span class='ocrx_word' id='word_1_322' title='bbox 458 4425 527 4502; x_wconf 67' lang='grc' dir='ltr'>πρὸς</span> <span class='ocrx_word' id='word_1_323' title='bbox 551 4422 655 4500; x_wconf 77' lang='grc' dir='ltr'>Σαούλ,</span> <span class='ocrx_word' id='word_1_324' title='bbox 682 4419 772 4506; x_wconf 89' lang='lat' dir='ltr'>legas</span> <span class='ocrx_word' id='word_1_325' title='bbox 795 4441 873 4504; x_wconf 90' lang='lat' dir='ltr'>ergo</span> <span class='ocrx_word' id='word_1_326' title='bbox 895 4421 928 4483; x_wconf 92' lang='lat' dir='ltr'>iu</span> <span class='ocrx_word' id='word_1_327' title='bbox 952 4419 1087 4484; x_wconf 87' lang='lat' dir='ltr'>historia</span> <span class='ocrx_word' id='word_1_328' title='bbox 1111 4417 1272 4482; x_wconf 89' lang='lat' dir='ltr'>Davidica</span> <span class='ocrx_word' id='word_1_329' title='bbox 1299 4419 1331 4480; x_wconf 95' lang='lat' dir='ltr'>in</span> <span class='ocrx_word' id='word_1_330' title='bbox 1359 4417 1438 4479; x_wconf 85' lang='lat' dir='ltr'>line:</span> <span class='ocrx_word' id='word_1_331' title='bbox 1467 4435 1557 4507; x_wconf 51' lang='lat' dir='ltr'>turpat</span> <span class='ocrx_word' id='word_1_332' title='bbox 1579 4433 1672 4506; x_wconf 66' lang='lat' dir='ltr'>rnqpn</span> 
     </span>
     <span class='ocr_line' id='line_1_40' title="bbox 215 4537 1672 4632; baseline -0.008 -20"><span class='ocrx_word' id='word_1_333' title='bbox 215 4541 364 4632; x_wconf 56' lang='lat' dir='ltr'>batem,</span> <span class='ocrx_word' id='word_1_334' title='bbox 388 4542 505 4608; x_wconf 82' lang='lat' dir='ltr'>codA</span> <span class='ocrx_word' id='word_1_335' title='bbox 529 4571 570 4594; x_wconf 95' lang='lat'><strong><em>=</em></strong></span> <span class='ocrx_word' id='word_1_336' title='bbox 593 4543 667 4607; x_wconf 87' lang='grc' dir='ltr'>ΜΤ.</span> <span class='ocrx_word' id='word_1_337' title='bbox 713 4542 752 4606; x_wconf 90' lang='lat' dir='ltr'>Iu</span> <span class='ocrx_word' id='word_1_338' title='bbox 778 4541 860 4606; x_wconf 90' lang='lat' dir='ltr'>libro</span> <span class='ocrx_word' id='word_1_339' title='bbox 885 4541 1044 4606; x_wconf 89' lang='lat' dir='ltr'>Samuelis</span> <span class='ocrx_word' id='word_1_340' title='bbox 1074 4549 1182 4605; x_wconf 90' lang='lat' dir='ltr'>autom</span> <span class='ocrx_word' id='word_1_341' title='bbox 1213 4562 1286 4604; x_wconf 90' lang='lat' dir='ltr'>cum</span> <span class='ocrx_word' id='word_1_342' title='bbox 1314 4539 1368 4603; x_wconf 90' lang='lat' dir='ltr'>Kl.</span> <span class='ocrx_word' id='word_1_343' title='bbox 1393 4541 1441 4602; x_wconf 91' lang='lat' dir='ltr'>sic</span> <span class='ocrx_word' id='word_1_344' title='bbox 1470 4539 1538 4602; x_wconf 84' lang='lat' dir='ltr'>fere</span> <span class='ocrx_word' id='word_1_345' title='bbox 1568 4537 1672 4619; x_wconf 86' lang='lat' dir='ltr'>legas:</span> 
     </span>
     <span class='ocr_line' id='line_1_41' title="bbox 215 4657 1675 4756; baseline -0.008 -23"><span class='ocrx_word' id='word_1_346' title='bbox 215 4663 315 4756; x_wconf 63' lang='lat' dir='ltr'>bapp‘p</span> <span class='ocrx_word' id='word_1_347' title='bbox 343 4686 396 4742; x_wconf 66' lang='lat' dir='ltr'>&#39;ron</span> <span class='ocrx_word' id='word_1_348' title='bbox 423 4665 541 4751; x_wconf 60' lang='lat' dir='ltr'>³¹3!le</span> <span class='ocrx_word' id='word_1_349' title='bbox 570 4685 630 4749; x_wconf 62' lang='lat' dir='ltr'>*ran</span> <span class='ocrx_word' id='word_1_350' title='bbox 656 4675 721 4751; x_wconf 57' lang='lat' dir='ltr'>epos</span> <span class='ocrx_word' id='word_1_351' title='bbox 747 4684 914 4754; x_wconf 56' lang='lat' dir='ltr'>stuppa-nn</span> <span class='ocrx_word' id='word_1_352' title='bbox 940 4685 989 4752; x_wconf 71' lang='lat' dir='ltr'>‘b&#39;t</span> <span class='ocrx_word' id='word_1_353' title='bbox 1015 4673 1100 4748; x_wconf 66' lang='lat' dir='ltr'>seqq</span> <span class='ocrx_word' id='word_1_354' title='bbox 1127 4661 1179 4726; x_wconf 90' lang='lat' dir='ltr'>vol</span> <span class='ocrx_word' id='word_1_355' title='bbox 1209 4660 1322 4726; x_wconf 89' lang='lat' dir='ltr'>saltem</span> <span class='ocrx_word' id='word_1_356' title='bbox 1350 4660 1414 4724; x_wconf 92' lang='lat' dir='ltr'>duo</span> <span class='ocrx_word' id='word_1_357' title='bbox 1437 4659 1550 4724; x_wconf 86' lang='lat' dir='ltr'>ultima</span> <span class='ocrx_word' id='word_1_358' title='bbox 1572 4657 1675 4721; x_wconf 89' lang='lat' dir='ltr'>verba</span> 
     </span>
     <span class='ocr_line' id='line_1_42' title="bbox 216 4780 1672 4873; baseline -0.006 -21"><span class='ocrx_word' id='word_1_359' title='bbox 216 4797 249 4852; x_wconf 89' lang='lat' dir='ltr'>ot</span> <span class='ocrx_word' id='word_1_360' title='bbox 273 4809 348 4851; x_wconf 87' lang='lat' dir='ltr'>cunr</span> <span class='ocrx_word' id='word_1_361' title='bbox 372 4809 409 4853; x_wconf 93' lang='lat' dir='ltr'>oo</span> <span class='ocrx_word' id='word_1_362' title='bbox 432 4786 486 4850; x_wconf 90' lang='lat' dir='ltr'>hie</span> <span class='ocrx_word' id='word_1_363' title='bbox 508 4809 608 4873; x_wconf 88' lang='lat' dir='ltr'>ponas</span> <span class='ocrx_word' id='word_1_364' title='bbox 631 4809 762 4851; x_wconf 78' lang='lat' dir='ltr'>vorsum</span> <span class='ocrx_word' id='word_1_365' title='bbox 780 4786 830 4870; x_wconf 88' lang='lat'>11,</span> <span class='ocrx_word' id='word_1_366' title='bbox 855 4787 965 4870; x_wconf 93' lang='lat' dir='ltr'>quiin</span> <span class='ocrx_word' id='word_1_367' title='bbox 989 4784 1104 4849; x_wconf 90' lang='lat' dir='ltr'>cod.B</span> <span class='ocrx_word' id='word_1_368' title='bbox 1128 4805 1255 4869; x_wconf 89' lang='lat' dir='ltr'>quoque</span> <span class='ocrx_word' id='word_1_369' title='bbox 1277 4781 1443 4868; x_wconf 87' lang='lat' dir='ltr'>praecedit</span> <span class='ocrx_word' id='word_1_370' title='bbox 1465 4802 1597 4844; x_wconf 88' lang='lat' dir='ltr'>versum</span> <span class='ocrx_word' id='word_1_371' title='bbox 1620 4780 1672 4843; x_wconf 87' lang='grc'>32.</span> 
     </span>
    </p>

    <p class='ocr_par' dir='ltr' id='par_1_16' title="bbox 328 4901 1484 4992">
     <span class='ocr_line' id='line_1_43' title="bbox 328 4901 1484 4992; baseline -0.005 -20"><span class='ocrx_word' id='word_1_372' title='bbox 328 4909 449 4973; x_wconf 90' lang='lat' dir='ltr'>Versus</span> <span class='ocrx_word' id='word_1_373' title='bbox 472 4907 602 4972; x_wconf 74' lang='lat'>32-40</span> <span class='ocrx_word' id='word_1_374' title='bbox 625 4917 700 4973; x_wconf 90' lang='lat' dir='ltr'>sunt</span> <span class='ocrx_word' id='word_1_375' title='bbox 722 4908 797 4972; x_wconf 89' lang='lat' dir='ltr'>libri</span> <span class='ocrx_word' id='word_1_376' title='bbox 820 4907 990 4990; x_wconf 88' lang='lat' dir='ltr'>Samuelis,</span> <span class='ocrx_word' id='word_1_377' title='bbox 1014 4916 1150 4992; x_wconf 85' lang='lat' dir='ltr'>excepto</span> <span class='ocrx_word' id='word_1_378' title='bbox 1174 4928 1238 4969; x_wconf 91' lang='lat' dir='ltr'>uno</span> <span class='ocrx_word' id='word_1_379' title='bbox 1262 4904 1331 4968; x_wconf 89' lang='lat' dir='ltr'>colo</span> <span class='ocrx_word' id='word_1_380' title='bbox 1355 4903 1401 4988; x_wconf 87' lang='lat' dir='ltr'>(v.</span> <span class='ocrx_word' id='word_1_381' title='bbox 1418 4901 1484 4987; x_wconf 87' lang='grc'><strong>38).</strong></span> 
     </span>
    </p>

    <p class='ocr_par' dir='ltr' id='par_1_17' title="bbox 324 5025 1673 5119">
     <span class='ocr_line' id='line_1_44' title="bbox 324 5025 1673 5119; baseline -0.004 -24"><span class='ocrx_word' id='word_1_382' title='bbox 324 5031 433 5115; x_wconf 90' lang='lat' dir='ltr'>Logas</span> <span class='ocrx_word' id='word_1_383' title='bbox 453 5053 511 5116; x_wconf 91' lang='lat' dir='ltr'>pro</span> <span class='ocrx_word' id='word_1_384' title='bbox 526 5051 587 5119; x_wconf 59' lang='lat' dir='ltr'>uqa</span> <span class='ocrx_word' id='word_1_385' title='bbox 603 5053 715 5095; x_wconf 91' lang='lat' dir='ltr'>vocem</span> <span class='ocrx_word' id='word_1_386' title='bbox 732 5045 794 5116; x_wconf 63' lang='lat' dir='ltr'>unqe</span> <span class='ocrx_word' id='word_1_387' title='bbox 811 5029 953 5113; x_wconf 85' lang='lat' dir='ltr'>,domini</span> <span class='ocrx_word' id='word_1_388' title='bbox 968 5027 1051 5092; x_wconf 85' lang='lat' dir='ltr'>mei“</span> <span class='ocrx_word' id='word_1_389' title='bbox 1071 5058 1111 5080; x_wconf 95' lang='lat'><strong><em>=</em></strong></span> <span class='ocrx_word' id='word_1_390' title='bbox 1123 5028 1216 5109; x_wconf 78' lang='lat' dir='ltr'>Luc,</span> <span class='ocrx_word' id='word_1_391' title='bbox 1233 5026 1281 5108; x_wconf 85' lang='lat' dir='ltr'>S.;</span> <span class='ocrx_word' id='word_1_392' title='bbox 1297 5025 1359 5116; x_wconf 56' lang='lat' dir='ltr'>rbp</span> <span class='ocrx_word' id='word_1_393' title='bbox 1375 5055 1417 5078; x_wconf 90' lang='lat'><strong><em>=</em></strong></span> <span class='ocrx_word' id='word_1_394' title='bbox 1436 5027 1523 5110; x_wconf 90' lang='lat' dir='ltr'>„eius</span> <span class='ocrx_word' id='word_1_395' title='bbox 1545 5027 1673 5090; x_wconf 79' lang='lat' dir='ltr'>eausa“.</span> 
     </span>
    </p>

    <p class='ocr_par' dir='ltr' id='par_1_18' title="bbox 323 5147 1310 5239">
     <span class='ocr_line' id='line_1_45' title="bbox 323 5147 1310 5239; baseline -0.005 -23"><span class='ocrx_word' id='word_1_396' title='bbox 323 5152 433 5237; x_wconf 85' lang='lat' dir='ltr'>Logas</span> <span class='ocrx_word' id='word_1_397' title='bbox 455 5169 525 5239; x_wconf 59' lang='lat' dir='ltr'>:neq</span> <span class='ocrx_word' id='word_1_398' title='bbox 548 5153 667 5216; x_wconf 87' lang='lat' dir='ltr'>omissa</span> <span class='ocrx_word' id='word_1_399' title='bbox 689 5173 769 5216; x_wconf 88' lang='lat' dir='ltr'>voce</span> <span class='ocrx_word' id='word_1_400' title='bbox 792 5172 855 5234; x_wconf 61' lang='lat' dir='ltr'>ura,</span> <span class='ocrx_word' id='word_1_401' title='bbox 879 5173 961 5237; x_wconf 90' lang='lat' dir='ltr'>quae</span> <span class='ocrx_word' id='word_1_402' title='bbox 985 5151 1123 5235; x_wconf 90' lang='lat' dir='ltr'>pertinet</span> <span class='ocrx_word' id='word_1_403' title='bbox 1145 5148 1187 5211; x_wconf 90' lang='lat' dir='ltr'>ad</span> <span class='ocrx_word' id='word_1_404' title='bbox 1211 5171 1241 5212; x_wconf 90' lang='lat' dir='ltr'>v.</span> <span class='ocrx_word' id='word_1_405' title='bbox 1260 5147 1310 5211; x_wconf 73' lang='lat'>36.</span> 
     </span>
    </p>

    <p class='ocr_par' dir='ltr' id='par_1_19' title="bbox 216 5267 1675 5486">
     <span class='ocr_line' id='line_1_46' title="bbox 324 5267 1675 5361; baseline -0.007 -23"><span class='ocrx_word' id='word_1_406' title='bbox 324 5275 434 5358; x_wconf 82' lang='lat' dir='ltr'>Legae</span> <span class='ocrx_word' id='word_1_407' title='bbox 458 5296 507 5361; x_wconf 64' lang='lat' dir='ltr'>cpi</span> <span class='ocrx_word' id='word_1_408' title='bbox 531 5303 573 5328; x_wconf 83' lang='lat'>=</span> <span class='ocrx_word' id='word_1_409' title='bbox 595 5276 642 5338; x_wconf 79' lang='lat' dir='ltr'>acl</span> <span class='ocrx_word' id='word_1_410' title='bbox 665 5275 688 5336; x_wconf 82' lang='grc' dir='ltr'>εἰ</span> <span class='ocrx_word' id='word_1_411' title='bbox 711 5275 872 5336; x_wconf 74' lang='grc' dir='ltr'>ἐπανίστατο</span> <span class='ocrx_word' id='word_1_412' title='bbox 896 5271 1003 5357; x_wconf 76' lang='lat' dir='ltr'>(Luc,</span> <span class='ocrx_word' id='word_1_413' title='bbox 1027 5270 1085 5356; x_wconf 82' lang='lat' dir='ltr'>S).</span> <span class='ocrx_word' id='word_1_414' title='bbox 1124 5270 1204 5334; x_wconf 88' lang='lat' dir='ltr'>Luc.</span> <span class='ocrx_word' id='word_1_415' title='bbox 1222 5278 1253 5333; x_wconf 91' lang='lat' dir='ltr'>et</span> <span class='ocrx_word' id='word_1_416' title='bbox 1277 5267 1325 5332; x_wconf 83' lang='lat' dir='ltr'>S.:</span> <span class='ocrx_word' id='word_1_417' title='bbox 1352 5273 1400 5329; x_wconf 77' lang='grc' dir='ltr'>τοῦ</span> <span class='ocrx_word' id='word_1_418' title='bbox 1424 5267 1501 5353; x_wconf 78' lang='grc' dir='ltr'><strong>(τῆς)</strong></span> <span class='ocrx_word' id='word_1_419' title='bbox 1525 5272 1675 5352; x_wconf 73' lang='grc' dir='ltr'>φάρυγγος,</span> 
     </span>
     <span class='ocr_line' id='line_1_47' title="bbox 216 5389 1675 5486; baseline -0.005 -23"><span class='ocrx_word' id='word_1_420' title='bbox 216 5397 289 5463; x_wconf 91' lang='lat' dir='ltr'>cod.</span> <span class='ocrx_word' id='word_1_421' title='bbox 306 5397 387 5462; x_wconf 78' lang='lat'><strong>243:</strong></span> <span class='ocrx_word' id='word_1_422' title='bbox 410 5407 457 5458; x_wconf 72' lang='lat' dir='ltr'>reo</span> <span class='ocrx_word' id='word_1_423' title='bbox 479 5401 615 5476; x_wconf 77' lang='grc' dir='ltr'>πώγωνος</span> <span class='ocrx_word' id='word_1_424' title='bbox 636 5427 678 5448; x_wconf 89' lang='lat'>=</span> <span class='ocrx_word' id='word_1_425' title='bbox 698 5411 783 5486; x_wconf 65' lang='lat' dir='ltr'>appan</span> <span class='ocrx_word' id='word_1_426' title='bbox 807 5395 860 5459; x_wconf 90' lang='lat' dir='ltr'>Kl.</span> <span class='ocrx_word' id='word_1_427' title='bbox 880 5395 949 5458; x_wconf 92' lang='lat' dir='ltr'>vult</span> <span class='ocrx_word' id='word_1_428' title='bbox 970 5394 1077 5477; x_wconf 91' lang='lat' dir='ltr'>legere</span> <span class='ocrx_word' id='word_1_429' title='bbox 1097 5413 1178 5481; x_wconf 64' lang='lat' dir='ltr'>*cp-qa</span> <span class='ocrx_word' id='word_1_430' title='bbox 1202 5389 1371 5471; x_wconf 76' lang='lat' dir='ltr'>,baculum</span> <span class='ocrx_word' id='word_1_431' title='bbox 1393 5397 1520 5456; x_wconf 86' lang='lat' dir='ltr'>meum“</span> <span class='ocrx_word' id='word_1_432' title='bbox 1540 5389 1572 5476; x_wconf 91' lang='lat' dir='ltr'>(e</span> <span class='ocrx_word' id='word_1_433' title='bbox 1588 5390 1675 5474; x_wconf 90' lang='lat' dir='ltr'>ligno</span> 
     </span>
    </p>
   </div>
   <div class='ocr_carea' id='block_1_9' title="bbox 0 0 2055 6020">
    <p class='ocr_par' dir='ltr' id='par_1_20' title="bbox 0 0 2055 6020">
     <span class='ocr_line' id='line_1_48' title="bbox 0 0 2055 6020; baseline 0 0"><span class='ocrx_word' id='word_1_434' title='bbox 0 0 2055 6020; x_wconf 95' lang='lat' dir='ltr'> </span> 
     </span>
    </p>
   </div>
  </div>
 </body>
</html>
