4084 6024
821 575 832 620 1
853 571 923 622 eam.
937 575 962 634 e,
980 573 1073 622 a—rs.
1582 557 1676 616 XVII

216 738 362 802 eorum“.
401 739 466 804 Pro
489 756 557 817 tuan
579 740 661 806 Luc.
678 741 789 808 habet:
815 745 847 805 ἐκ
868 745 996 823 πλαγίων
1020 748 1143 826 μέρους
1170 747 1263 823 αὐτῆς.
1301 745 1439 809 Lineam
1462 765 1561 831 paseq
1584 752 1676 829 putat

218 859 367 925 Grimme
387 861 442 926 hic
461 865 600 949 positam
619 887 700 949 esse,
721 867 798 950 quia
817 863 1004 929 emendator
1019 865 1151 950 quidam
1167 868 1200 929 in
1216 889 1277 931 usu
1293 869 1383 931 vocis
1403 863 1474 944 niba
1496 865 1675 930 offenderit.

150 991 170 1045 θ
324 983 406 1049 Luc.
428 987 519 1051 initio
547 986 647 1052 habet
667 987 714 1050 καὶ
738 990 926 1050 ἀπελεύσεσθε
950 985 1005 1072 (=
1030 986 1197 1074 οιρρξνςμθ),
1225 987 1311 1073 quod
1335 988 1466 1052 videtur
1490 996 1594 1052 ortum
1619 1008 1675 1051 ex:

216 1105 264 1166 καὶ
292 1107 478 1170 ἀπελεύσεται
506 1105 539 1194 (8
568 1110 600 1172 in
627 1109 714 1193 fine),
741 1112 776 1174 in
802 1109 866 1174 fine
893 1117 1016 1174 autem:
1045 1112 1124 1171 ἀλλὰ
1153 1113 1305 1187 αύμπτωμα
1330 1113 1395 1173 κτλ.
1421 1108 1476 1195 (=
1500 1108 1558 1193 8.),
1587 1109 1675 1194 Syn:

220 1225 306 1310 'elld3
332 1228 482 1315 suppleas
503 1253 580 1316 ergo
604 1253 632 1307 *a
660 1230 757 1316 „sed“
781 1241 857 1297 aute
880 1254 993 1297 vocem
1016 1250 1106 1320 nupt),
1131 1241 1167 1297 ut
1189 1232 1323 1297 exhibet
1345 1232 1416 1297 eod.
1433 1232 1540 1295 Kenn.
1558 1229 1587 1293 2.

130 1355 172 1410 lo
324 1351 388 1416 Pro
416 1364 522 1442 sculpsi-Tr
552 1353 736 1437 „homines“
767 1354 799 1419 S.
821 1363 853 1419 et
879 1355 960 1420 Luc.
982 1354 1116 1420 habent:
1146 1357 1171 1416 οἱ
1197 1356 1365 1436 ἀλλόφυλοι,
1393 1353 1480 1438 Syn:
1511 1353 1676 1436 „homines

218 1470 297 1536 illi“.
343 1469 393 1561 aba
417 1497 560 1562 syncope
582 1485 689 1541 ortum
711 1485 760 1540 est
783 1499 801 1541 e
822 1473 892 1566 μί’ρρ
917 1475 1003 1562 (eod.
1019 1478 1126 1541 Kenn.
1144 1475 1186 1539 96
1210 1498 1283 1540 cum
1307 1475 1491 1540 metathesi:
1515 1473 1609 1558 niba).

131 1602 169 1657 ll
325 1595 455 1661 Ood.B
483 1607 609 1663 tantum
636 1599 784 1664 exhibet:
813 1601 861 1675 τὴν
888 1600 1017 1682 κιβωτόν,
1046 1598 1117 1664 cod.
1133 1599 1179 1663 A:
1207 1622 1233 1660 τ.
1249 1621 1277 1659 κ.
1293 1600 1395 1681 κυρίου,
1418 1597 1516 1662 Luc:
1544 1619 1570 1658 τ.
1585 1619 1613 1658 κ.
1629 1585 1701 1657 ποθ’

218 1719 283 1780 θεοῦ
310 1716 368 1802 (=
395 1717 494 1805 Syn).
544 1721 653 1806 Leges
681 1719 841 1812 :imp-hu.
888 1719 998 1786 Verba
1025 1739 1105 1809 qqttp
1131 1741 1182 1807 τικρ
1210 1731 1286 1784 sunt
1308 1719 1426 1804 glossa,
1450 1719 1568 1783 desunt
1590 1719 1676 1781 enim

218 1838 308 1924 apud
331 1839 411 1906 Luc.
430 1841 476 1926 (S.
492 1842 628 1908 habent:
655 1844 703 1906 καὶ
725 1846 757 1904 τίν
780 1847 852 1920 θέμα
876 1845 975 1926 ἐργσὶβ,
1004 1842 1075 1907 cod.
1093 1841 1138 1906 A:
1164 1842 1273 1926 ἀργύζ),
1302 1863 1362 1905 nee
1384 1843 1582 1906 conveniunt
1604 1861 1706 1940 con--

218 1963 341 2046 textui,
374 1965 451 2048 quia
484 1966 642 2050 imagines
676 1988 795 2031 aureae
828 1975 895 2030 tam
927 1967 1127 2030 vomicarum
1162 1985 1258 2049 quam
1291 1965 1432 2028 murium
1467 1961 1610 2028 nondum
1644 1963 1677 2024 in

219 2084 349 2149 sacculo
378 2087 485 2171 posita
515 2088 721 2153 exhibentur.
773 2091 838 2154 Pro
874 2100 965 2174 ιε’-θ·ιιρ
999 2086 1074 2172 ’aba
1109 2088 1288 2173 „imagines
1318 2086 1538 2150 vomioarum“
1571 2084 1676 2168 legas:

218 2222 289 2292 :qm
319 2227 398 2296 igqis?
428 2220 482 2298 {ab
514 2208 676 2300 2qupr
705 2237 749 2255 =
778 2210 876 2274 Lue:
906 2209 952 2271 καὶ
982 2211 1033 2282 τὰς
1064 2211 1148 2291 ἕδρας
1178 2211 1230 2280 τὰς
1256 2215 1362 2290 χρυσᾶς
1390 2210 1494 2284 ἔθηκαν
1522 2208 1551 2268 ἐν
1579 2209 1677 2283 θέματι

223 2324 377 2414 (Saepiosi)
406 2331 439 2392 ἐκ
465 2333 595 2412 πλαγίων
622 2334 718 2406 αύτᾶς.
764 2331 837 2417 Syr.
861 2361 905 2378 τ-
929 2331 1001 2394 ΜΤ.
1024 2343 1085 2417 πίκρ
1108 2339 1157 2394 est
1181 2329 1267 2410 Qerd
1290 2352 1347 2416 pro
1370 2351 1451 2393 vooe
1474 2327 1617 2392 obsoleta
1632 2325 1677 2412 (r)

219 2445 294 2534 bet,
318 2473 414 2536 quam
438 2453 530 2518 multi
554 2454 683 2520 codices
706 2454 759 2519 hie
782 2477 909 2541 quoque
932 2453 1097 2518 exhibent.

328 2573 391 2638 Pro
414 2587 512 2664 ,πρ-μορ
535 2576 650 2640 melius
675 2577 794 2661 legitur
820 2587 926 2666 πρηκθξι
954 2603 997 2620 -2
1023 2576 1070 2637 καὶ
1101 2577 1269 2636 κατεύθυναν
1297 2571 1389 2656 (Ges.
1417 2569 1477 2634 145
1505 2569 1550 2658 p).
1596 2571 1676 2636 Luc.

222 2691 386 2779 duplicem
410 2699 594 2762 versionem
617 2697 765 2781 exhibet3
789 2697 891 2762 verba
914 2699 999 2762 enim
1023 2699 1052 2757 ἐν
1079 2697 1136 2776 ύδῴ
1164 2697 1213 2779 μιᾷ
1241 2696 1404 2776 ἐπορεύοντο
1426 2697 1609 2776 πορευόμεναι
1631 2695 1678 2755 καί

221 2816 327 2890 βοῶσαι
350 2815 444 2882 lectio
464 2823 606 2903 genuina
627 2829 701 2885 sunt
721 2843 778 2907 pro
799 2818 908 2884 verbis
932 2817 1215 2906 praecedentibus:
1241 2819 1269 2879 ἐν
1291 2818 1377 2898 τρίβῳ
1401 2815 1493 2900 εθθείᾳ
1515 2818 1678 2898 ἐπορεύοντο

222 2936 281 3022 (z
299 2939 516 3026 assessorem).
541 2944 659 3004 ἐκοπίων
680 2974 722 2990 =
741 2963 805 3030 mg,
829 2942 923 3006 lectio
947 2943 1057 3027 spuria
1080 2951 1150 3005 orta
1172 2963 1214 3003 ex
1234 2939 1304 3024 (inf.
1321 2937 1437 3022 absol.)
1459 2954 1509 3028 top
1529 2961 1549 3001 a
1569 2938 1679 3002 radice

220 3079 273 3150 sqq
363 3067 499 3138 μυκᾶσθαι
523 3061 620 3150 (unus
643 3065 714 3129 eod.
731 3066 764 3128 in
786 3067 932 3150 margine
956 3063 1053 3128 habet
1076 3061 1260 3147 μυκώμεναι).

327 3182 425 3249 Initio
445 3185 607 3250 excidisse
627 3186 758 3251 videtur
779 3210 843 3252 vox
863 3199 928 3274 κύριε
947 3196 1021 3250 ante
1042 3198 1110 3272 uqi?
1134 3205 1185 3262 nm
1207 3193 1262 3248 aut
1282 3181 1456 3266 legendum
1479 3193 1591 3268 nuqua
1616 3202 1678 3258 rua:

222 3304 278 3388 (cf.
295 3329 327 3370 ν.
347 3307 410 3389 19).
454 3306 494 3372 In
516 3307 581 3373 tine
603 3308 693 3394 legas
716 3332 774 3396 pro
802 3308 894 3394 τινι-ρ’)
925 3317 981 3394 „ut
1007 3306 1195 3372 viderunt“:
1223 3302 1335 3394 tnnqpb
1363 3303 1440 3394 τήν]
1470 3311 1522 3389 „et
1549 3303 1679 3367 obviam

221 3428 330 3492 ierunt
360 3426 410 3493 ei“
510 3429 607 3495 Luc:
637 3432 685 3494 καὶ
716 3434 902 3513 ἐπορεύθησαν
933 3429 1008 3516 (hcc
1038 3428 1175 3493 verbum
1202 3431 1236 3492 in
1265 3428 1296 3492 S.
1321 3426 1425 3509 deest)
1458 3427 1496 3498 εἰς
1527 3427 1678 3502 ἀπάντησιν

222 3551 317 3628 mres.
358 3549 437 3616 Cod.
454 3551 561 3617 Kenn.
579 3553 620 3615 96
643 3552 743 3617 habet
764 3551 854 3640 τννιῂ
876 3571 979 3637 esum
1026 3552 1099 3636 Syr.
1122 3578 1166 3596 =
1188 3549 1262 3614 MT.

327 3671 407 3736 Post
426 3687 518 3758 nequ]
533 3673 622 3758 legas
638 3686 785 3764 opaeum
801 3701 844 3718 =
862 3675 909 3736 καὶ
931 3677 1049 3751 ἔστησαν
1066 3674 1124 3734 ἐκεῖ
1139 3671 1217 3758 (παρ’
1234 3673 1313 3754 αὐτῇ,
1330 3668 1467 3754 glossal)
1483 3671 1562 3731 λίθον
1578 3672 1677 3748 μέγαν.

327 3794 392 3858 Pro
415 3813 505 3871 ιη’-ττι
532 3796 785 3881 „deposuerunt“
809 3795 985 3881 legendum
1004 3804 1054 3860 est
1075 3815 1145 3871 mun
1169 3823 1212 3840 =
1235 3795 1405 3874 ἀνήνεγκανς
1429 3791 1565 3856 fortasse
1581 3811 1680 3876 paseq

220 3913 307 3980 linea
336 3917 400 3980 hoc
429 3917 567 4001 indicat:
601 3927 743 3982 attamen
774 3917 920 3982 Grimme
951 3927 1038 3982 reete
1070 3916 1199 3999 dixerit,
1232 3914 1473 3980 emendatorem
1502 3913 1565 3977 hac
1594 3913 1680 3977 linea

221 4037 359 4103 alteram
388 4061 503 4106 versus
533 4051 659 4127 partem
689 4043 832 4128 spuriam
863 4040 1059 4123 reddidisse;
1091 4060 1207 4102 revera
1237 4037 1367 4102 videtur
1397 4058 1469 4100 esse
1498 4034 1608 4120 glossa
1636 4034 1678 4099 ad

224 4160 294 4224 141)
318 4163 493 4247 pertinens.
540 4163 603 4228 Pro
626 4182 677 4255 :app
704 4162 879 4248 legendum
901 4171 951 4227 est
973 4182 1057 4253 appu,
1080 4171 1117 4226 ut
1139 4162 1161 4223 4
1183 4161 1311 4226 codices
1334 4157 1466 4242 habent,
1490 4168 1522 4222 et
1544 4179 1602 4243 pro
1625 4153 1680 4240 dms

221 4283 337 4348 melius
364 4283 429 4368 bt,
453 4284 540 4370 quod
562 4285 655 4350 multi
678 4285 835 4349 exhibent
858 4285 996 4350 codices.

138 4408 179 4463 16
327 4407 393 4470 Pro
418 4421 495 4494 pipp
517 4409 709 4492 interpretes
733 4406 852 4472 Graeci
875 4406 1036 4469 Ἀσκάλωνα
1059 4414 1195 4491 ponunt:
1220 4403 1260 4468 cf.
1277 4403 1309 4486 5,
1335 4401 1375 4465 10
1399 4422 1487 4487 seqq.

136 4529 203 4587 rsa
329 4528 394 4592 Pro
416 4527 554 4593 lectione
577 4532 718 4614 genuina
740 4527 821 4618 ν’ριρ,
849 4529 935 4614 quod
959 4527 1103 4592 nonnulli
1131 4527 1260 4591 codices
1287 4525 1395 4590 adhue
1422 4523 1587 4608 exhibent,
1615 4525 1679 4587 iam

225 4647 311 4729 Qere
334 4663 404 4736 ιντερ
427 4653 532 4715 textui
555 4653 712 4716 insertum
734 4661 796 4734 est;
821 4651 902 4716 Set
925 4652 1024 4715 Luc:
1047 4652 1075 4711 αί
1097 4652 1184 4731 ἕδραι.

137 4776 203 4832 18u
329 4773 393 4838 Pro
416 4793 495 4859 usqe
520 4773 615 4858 (Lue.
635 4778 708 4836 κατὰ
730 4771 859 4860 ἀριθμόν)
886 4773 977 4858 legas
1004 4785 1062 4857 ’τρε
1092 4768 1293 4859 „piaculnm“
1318 4770 1370 4834 vel
1394 4790 1462 4858 ’τρια
1488 4763 1581 4853 (Κλ).
1628 4768 1680 4831 De

223 4915 358 4959 numero
382 4896 468 4959 enim
491 4897 635 4960 omnium
656 4895 786 4961 urbium
809 4895 1057 4960 Philistaeornm
1080 4916 1143 4958 non
1167 4903 1216 4958 est
1239 4915 1354 4974 sermo,
1378 4889 1532 4976 capitales
1555 4897 1680 4954 tanturn

225 5016 366 5101 quinque
389 5027 474 5082 sunt.
517 5017 638 5084 Contra
660 5040 718 5104 pro
741 5029 800 5102 *ss
822 5016 997 5101 legendum
1019 5026 1069 5080 est
1090 5037 1149 5102 -νρρ
1173 5043 1216 5060 =
1237 5020 1346 5092 κώμης.
1389 5032 1470 5100 ’nes
1494 5012 1526 5078 S.
1544 5020 1575 5076 et
1598 5013 1679 5077 Luc.

226 5159 282 5223 pro
310 5139 440 5203 nomine
467 5139 631 5224 gentilicio
660 5138 856 5221 habuerunt3
889 5137 1038 5222 designat
1065 5137 1186 5202 incolas
1217 5157 1412 5223 camporum.
1463 5135 1527 5200 Pro
1557 5131 1682 5227 bam

226 5259 368 5346 (paaeql)
395 5259 572 5345 legendum
600 5269 649 5326 est
675 5281 767 5353 13:572,
798 5260 830 5326 S.
855 5269 887 5323 et
914 5259 1009 5324 Luc:
1040 5261 1088 5322 καὶ
1118 5265 1173 5333 ἕως
1204 5269 1252 5321 τοῦ
1282 5261 1361 5320 λίθου
1389 5256 1527 5344 (aliquot
1553 5259 1681 5323 codices

227 5381 327 5446 llebr.
351 5381 474 5447 habent
500 5381 573 5470 μοι),
601 5388 655 5456 ἕως
683 5393 732 5447 est
759 5381 868 5467 glossa
894 5383 978 5446 sicut
1001 5381 1205 5447 'Hebraieum
1231 5399 1279 5465 nv,
1308 5390 1344 5445 ut
1370 5382 1434 5446 iam
1463 5403 1505 5445 ex
1529 5389 1681 5445 contextu

277 5493 420 5546 sommi,
434 5493 493 5535 uros
508 5494 621 5536 samaeus.
1509 5485 1525 5534 b
