4084 6024
793 578 804 624 1
826 575 896 626 Sem.
911 577 953 637 ³0,
967 577 1060 625 8-18.
1518 565 1656 623 LXXIX

133 754 153 808 8
305 748 385 812 Luo.
410 756 443 812 et
470 747 517 814 S.:
534 749 569 836 Ιεἰ
595 747 758 823 ναπαδιὼξω
786 749 882 832 ὀπίσω,
910 747 999 834 legas
1027 768 1067 826 stt
1093 757 1166 812 ante
1194 761 1283 836 ‘qu-pp.
1331 750 1412 814 Lno.
1436 771 1456 816 π
1480 753 1654 837 interroga-

199 871 304 933 tivum
331 866 381 931 bis
409 871 507 933 vertit
536 869 582 931 καί
610 868 649 951 εἰ,
679 869 737 933 sed
767 869 813 930 καὶ
844 869 974 934 videtur
1001 891 1043 934 ex
1069 871 1141 934 aliis
1169 870 1337 936 codicibus
1365 873 1530 938 insertum.
1577 875 1655 939 Post

198 989 230 1060 b
254 1005 332 1076 πονο]
359 991 489 1056 videtur
516 991 678 1056 excidisse
706 991 887 1057 subiectum
915 1013 978 1078 πγῃξ
1005 991 1075 1078 (”ι);
1103 993 1184 1057 Lno.
1209 1003 1241 1056 et
1267 993 1360 1059 multi
1383 994 1512 1059 codices
1536 995 1655 1061 Graeci
1699 1013 1702 1024 ·

197 1113 322 1179 habent
349 1113 391 1200 (ὁ)
418 1117 522 1195 κύριος,
552 1115 630 1178 item
658 1115 748 1178 Hier.
773 1112 1016 1200 („Dominus“)‚
1048 1112 1180 1179 Arinen.
1204 1115 1230 1198 I,
1261 1113 1394 1180 Arinen.
1419 1116 1492 1200 Ed,
1524 1117 1654 1203 Georg.,

198 1235 289 1302 Slav.
338 1237 417 1301 Post
444 1238 604 1315 καταλήψει
630 1236 711 1301 Luo.
737 1237 849 1300 inserit
880 1238 987 1311 αὐτοὺς.
1038 1237 1242 1323 Responsum
1269 1237 1395 1304 Jabvae
1425 1239 1559 1304 exhibet
1584 1263 1654 1304 vor·

199 1381 275 1424 sum
296 1367 541 1445 pentametrum.

305 1482 385 1546 Luc.
406 1490 440 1546 et
461 1481 493 1546 S.
514 1483 620 1546 minus
643 1489 730 1545 recte
752 1490 885 1546 vertunt
906 1482 954 1542 καί
981 1483 1006 1544 οἱ
1033 1481 1171 1556 ἑξακόσιοι
1199 1483 1224 1543 οἱ
1251 1482 1311 1559 μετ’
1341 1483 1432 1562 αὑτοῦ,
1460 1485 1527 1547 acsi
1556 1483 1654 1548 iidem

197 1611 317 1686 essent,
340 1624 421 1689 quos
444 1603 521 1668 inde
540 1625 560 1667 a
581 1612 676 1688 eapte
695 1602 776 1668 urbe
792 1602 884 1668 Oeila
904 1625 1013 1669 seeum
1033 1601 1157 1668 habuit.
1192 1603 1311 1668 Doleas
1334 1615 1407 1690 -ιγίιρ,
1431 1605 1518 1690 quod
1541 1605 1656 1670 eadem
1739 1583 1741 1590 Ι

195 1747 241 1788 ex
265 1746 364 1789 eausa
385 1725 489 1790 textui
512 1726 670 1789 insertum
692 1732 750 1789 est.
796 1723 893 1790 Unde
917 1731 949 1788 et
971 1724 1051 1788 Luo.
1069 1724 1162 1790 eolon
1183 1723 1322 1790 alterum
1344 1747 1408 1790 non
1433 1728 1529 1790 vertit
1551 1737 1654 1792 reete:

194 1849 246 1909 καὶ
267 1849 432 1910 καταλείπει
455 1848 514 1910 ἐκεῖ
535 1848 690 1920 διακοσίους
713 1847 831 1928 ἄνδρας,
854 1844 886 1910 S.
903 1854 1012 1910 autem
1034 1855 1122 1910 reete
1145 1855 1290 1911 vertunt:
1313 1847 1360 1908 καὶ
1384 1849 1409 1909 οἱ
1431 1849 1554 1930 περισσοὶ
1574 1847 1609 1934 (i.
1627 1872 1654 1913 e.

195 1969 317 2055 reliqui
339 1977 468 2055 praeter
491 1976 661 2034 sexcentos
685 1966 755 2032 illos
763 1967 786 2053 l)
810 1971 928 2046 ἔστησαν
951 1967 1055 2053 (legas
1079 1966 1214 2054 ἔμειναν).

121 2100 153 2155 lt
304 2093 386 2158 Luc.
403 2093 509 2158 minus
532 2101 634 2158 recte:
658 2094 683 2154 σί
706 2093 838 2153 διακόσιοι
861 2089 916 2176 (of.
933 2113 964 2155 v.
981 2089 1026 2174 9),
1050 2089 1082 2156 S.
1104 2113 1168 2155 non
1189 2103 1313 2177 ponunt
1335 2091 1515 2156 articulum.
1554 2093 1655 2160 Porro

194 2217 281 2280 Lue.
298 2216 412 2280 inserit
433 2225 480 2276 τοῦ
502 2217 650 2296 φυλάσσειν
674 2212 733 2299 (so.
754 2215 788 2275 τὰ
811 2213 919 2297 σκεύη).
958 2213 1021 2278 Pro
1044 2233 1104 2301 ras
1126 2212 1215 2299 legas
1238 2233 1295 2304 ινιρτ
1316 2213 1371 2306 (κιζ
1396 2213 1561 2300 „timere“,
1585 2216 1655 2298 Kl.)

195 2338 250 2403 vel
275 2361 350 2404 eum
373 2338 454 2402 Luo.
471 2347 503 2401 et
525 2337 574 2403 S.:
598 2356 678 2422 mun
702 2359 742 2426 ru
767 2335 911 2422 (ἐκάθισαν
933 2335 1049 2421 πέραν);
1079 2335 1136 2401 sed
1160 2335 1255 2401 leotio
1270 2339 1366 2423 prior
1388 2337 1503 2402 melius
1526 2347 1654 2403 contex-

194 2463 246 2526 tui
269 2461 453 2548 respondet.
499 2460 549 2526 Of.
567 2460 652 2544 syn,
675 2458 788 2544 Arab,
813 2459 883 2544 Oh„
900 2458 997 2543 Vulg.

116 2591 150 2646 11
304 2585 369 2649 Ρπο
396 2601 465 2670 *upa
494 2605 568 2648 oum
599 2582 653 2648 Kl.
678 2581 769 2666 legas
799 2599 859 2669 ιον,
890 2582 995 2666 „fame
1025 2579 1205 2665 enectum“‚
1236 2579 1323 2667 quod
1353 2582 1457 2664 magis
1488 2583 1654 2646 contextui

196 2705 357 2790 congruit,
383 2677 575 2791 praesertim
602 2727 675 2769 oum
703 2728 734 2769 v.
757 2705 797 2768 13
826 2704 958 2769 demum
985 2703 1120 2784 dicatur,
1149 2706 1256 2767 virum
1285 2700 1373 2766 illum
1402 2702 1501 2767 fnisse
1523 2703 1655 2789 Aegyp·

196 2829 289 2892 tium.
334 2827 413 2893 Post
434 2837 485 2896 inte
507 2826 656 2913 suppleas
682 2846 772 2919 ιπιρπῃ
794 2857 837 2880 =
859 2825 905 2888 καὶ
928 2828 1040 2905 ἄγουσιν
1063 2828 1144 2886 αὑτὸν
1168 2825 1262 2910 (Luc.
1280 2835 1312 2889 et
1332 2825 1364 2890 S.
1381 2834 1414 2888 et
1436 2847 1546 2890 omnes
1570 2849 1653 2891 vers.

197 2947 375 3036 antiquae).

113 3084 155 3139 12
305 3072 387 3136 Luo.
405 3071 552 3136 ordinem
574 3071 797 3156 quaestionum
821 3071 964 3135 invertit.

113 3204 153 3260 13
305 3193 386 3258 Luc.
406 3203 439 3257 et
461 3194 494 3259 S.
514 3194 621 3257 minuo
644 3202 731 3257 recte
753 3201 898 3258 vertunt:
926 3194 973 3255 καὶ
1001 3189 1062 3254 εἷπε
1084 3195 1117 3254 τδ
1138 3195 1283 3276 παιδάριον
1305 3197 1337 3254 rb
1360 3194 1523 3273 Αἰγύπτιον·
1554 3195 1656 3267 δοῦλός

202 3317 257 3395 εἰμι
281 3314 351 3402 (pro
374 3316 421 3378 καί
443 3312 518 3377 εἷπε·
546 3317 690 3398 παιδάριον
713 3315 861 3395 Αἰγύπτιόν
885 3316 939 3392 εἰμι
963 3317 1031 3397 ἐγώ,
1055 3317 1155 3388 δοῦλος
1173 3363 1180 3375 .
1198 3366 1205 3378 .
1223 3314 1255 3398 ..)
1301 3314 1338 3379 In
1362 3315 1427 3379 fine
1449 3313 1538 3399 legas
1562 3316 1655 3402 111151ζὲ

200 3461 276 3531 ονρζ,
299 3437 384 3523 quod
408 3436 553 3502 nonnulli
575 3436 704 3501 eodioes
728 3435 784 3521 (de
806 3436 861 3522 R.)
884 3436 1006 3502 habent
1028 3446 1061 3501 et
1082 3439 1233 3523 antiquae
1256 3439 1432 3503 versiones.

115 3575 156 3631 14
307 3559 404 3624 Initio
431 3558 521 3644 legas
548 3577 634 3644 utum
660 3587 703 3610 =
729 3559 777 3620 καί
803 3562 884 3636 ἡμεῖς
908 3558 970 3645 (S.)
994 3559 1045 3623 vel
1073 3563 1153 3637 ἡμεῖς
1183 3561 1215 3620 δέ
1242 3557 1362 3644 (Lm).
1409 3558 1495 3624 Ante
1517 3580 1560 3648 :33
1584 3583 1655 3646 sup

202 3683 292 3770 pleae
321 3679 376 3758 ἥρ
401 3711 443 3735 =
475 3682 519 3742 ἐπί
545 3680 640 3765 (Luo.
665 3690 698 3744 et
725 3679 782 3762 S.).
828 3681 892 3746 Pro
920 3699 991 3767 νγγρ
1017 3680 1099 3746 Luo.
1123 3679 1222 3746 habet
1248 3683 1337 3764 Χσρρί
1365 3679 1502 3767 (Compl.
1526 3681 1655 3766 Χορεθί),

200 3805 274 3872 eod.
291 3806 333 3871 B:
355 3807 474 3890 Χολθεί,
498 3804 568 3870 eod.
585 3804 630 3869 A:
653 3805 776 3887 Χερηίίί;
799 3825 857 3891 pro
879 3801 939 3893 ³52
962 3803 1042 3866 Lno.
1060 3802 1207 3867 exhibet:
1230 3804 1356 3884 Χελοίβ,
1378 3803 1448 3869 σοιί.
1466 3805 1509 3869 B:
1534 3805 1656 3881 Γελβσῠε

201 3927 305 4014 (siol),
329 3927 399 3993 eod.
415 3925 462 3992 A:
485 3927 597 4002 Χαλέβ.

114 4065 156 4120 15
307 4050 346 4115 In
368 4049 434 4116 fine
457 4049 607 4136 suppleas
630 4069 679 4137 γη
701 4047 831 4136 irrupt]
854 4077 895 4100 =
918 4047 1015 4112 Lae:
1038 4047 1084 4108 καὶ
1107 4050 1216 4124 ὤμοσεν
1239 4047 1322 4126 αυτῷ.

114 4185 157 4242 16
309 4172 406 4238 Luta:
432 4173 479 4234 καὶ
505 4175 668 4250 κατήγαγεν
691 4171 787 4241 αὐτούς
811 4169 873 4253 (Sa
902 4171 982 4230 αίιτδν
1010 4167 1092 4246 ἐκεῖ).
1119 4169 1166 4232 καί
1190 4169 1246 4231 ἰδοὺ
1269 4169 1346 4230 αίιτοί
1369 4167 1431 4253 (S.:
1460 4165 1560 4255 οὗτοι);
1585 4191 1656 4255 sup·

202 4295 295 4383 pleas
320 4305 393 4381 post
419 4307 508 4370 νην]
534 4314 649 4358 vocem
677 4303 720 4381 ογ)
748 4290 801 4355 κοί
829 4302 893 4381 :opp
921 4299 954 4355 et
980 4299 1052 4377 post
1077 4311 1141 4382 κγπιι1
1167 4312 1280 4355 vooem
1311 4311 1383 4381 κιρ-,1,
1414 4312 1497 4376 qnae
1527 4302 1658 4378 propter

203 4417 449 4484 similitudinem
472 4415 604 4482 exeidit.

116 4552 157 4608 17
308 4541 390 4606 Luc.
412 4547 444 4604 et
466 4538 515 4604 S.:
541 4538 589 4600 καὶ
614 4536 702 4614 ἦλθεν
730 4536 773 4598 ἐπ’
803 4537 901 4608 αὐτοὺς
923 4535 1008 4597 Δαυὶδ
1030 4535 1077 4598 καί
1100 4535 1236 4610 ἐπάταξεν
1260 4539 1372 4617 αυτσίς;
1400 4535 1549 4621 suppleas
1577 4557 1655 4621 ergo

204 4665 295 4729 initio
318 4684 433 4728 versus
456 4658 570 4726 verba:
600 4657 691 4745 ambr
717 4677 767 4747 “nu
792 4671 850 4745 req]
878 4655 1032 4743 legasque
1059 4679 1116 4742 pro
1140 4678 1200 4735 ισοξ]
1223 4665 1348 4722 tantum
1369 4677 1412 4743 γει
1435 4658 1515 4738 (sine
1539 4657 1657 4723 suffixo

205 4789 324 4852 omissa
346 4806 427 4851 voee
448 4782 511 4874 πῃ)
535 4791 567 4847 et
588 4803 646 4868 pro
671 4779 807 4872 οιςιγῃρξν,
836 4780 922 4866 qnod
950 4779 1102 4844 mendum
1130 4802 1201 4844 esse
1229 4802 1271 4844 ex
1300 4778 1418 4843 suffixo
1442 4779 1556 4864 elucet,
1585 4801 1658 4843 oum

205 4909 259 4974 Kl.
284 4905 511 4996 οπογῃοῦρϊιιρ.
557 4904 606 4971 Of.
631 4904 715 4988 Syn,
744 4902 855 4986 Arab,
884 4901 953 4985 Oh„
981 4903 1037 4987 qui
1064 4900 1183 4987 legisse
1209 4901 1362 4966 videntur
1388 4913 1449 4990 πίνιρ
1478 4901 1657 4986 „tergum“.

206 5033 302 5096 Luta:
325 5031 372 5092 καί
395 5037 446 5108 τῆς
470 5031 597 5110 ἐπαύριον
621 5024 677 5112 (=
699 5025 789 5110 MT.)
812 5026 860 5086 καί
883 5027 1057 5087 ἐθανάτωσεν
1071 5023 1197 5111 (altera
1219 5025 1325 5089 versio
1349 5022 1442 5088 verbi
1464 5021 1552 5110 qul).

118 5161 162 5216 18
311 5153 350 5218 In
373 5152 437 5217 fine
459 5173 516 5238 pro
539 5171 588 5239 -πγ
610 5149 682 5227 ‘aum
706 5169 779 5212 eum
803 5146 857 5210 Kl.
881 5145 984 5230 legas:
1008 5145 1067 5237 'qb
1094 5167 1165 5224 assu
1187 5147 1313 5232 „posuit
1332 5143 1507 5210 seorsum“.
1539 5145 1657 5210 Verbis

204 5298 256 5364 ηπ,
285 5273 356 5354 ‘aas
387 5273 591 5340 commutatis
621 5293 695 5336 oum
724 5268 783 5357 νὴ
812 5288 884 5346 ποιεῖν
917 5271 1108 5355 interpretes
1139 5277 1266 5333 veteres
1299 5275 1355 5332 aut
1387 5290 1488 5332 unum
1521 5267 1658 5333 verbum

205 5398 283 5490 (κγ-γ)
310 5409 367 5464 aut
388 5399 484 5462 ambo
507 5397 668 5479 omittunt,
691 5393 764 5479 Syr.
781 5413 891 5456 eorum
913 5391 983 5456 loeo
1007 5390 1118 5455 babet:
1144 5391 1217 5475 „die
1240 5389 1326 5455 illo.“
